Extracting data from database...

[
  {
    "company": {
      "id": "c8fb0e12-b8da-4d28-9eb2-f179c9e2fc99",
      "name": "AutoML Systems",
      "sector": "AI/ML",
      "stage": "Pre-Seed",
      "investmentAmount": 2387278.18315355,
      "currency": "USD",
      "investmentType": "SAFE",
      "investmentDate": "2024-12-01T00:00:00.000Z",
      "status": "ACTIVE"
    },
    "founders": [
      {
        "name": "Founder 13",
        "email": "founder13@automlsystems.com"
      }
    ],
    "forecast": {
      "version": 1,
      "startQuarter": "2024-12-01T00:00:00.000Z",
      "horizonQuarters": 8,
      "revenue": [
        {
          "quarter": 1,
          "value": 48488.90570957423
        },
        {
          "quarter": 2,
          "value": 58918.43883403666
        },
        {
          "quarter": 3,
          "value": 73160.51397638317
        },
        {
          "quarter": 4,
          "value": 94271.6603032472
        },
        {
          "quarter": 5,
          "value": 231620.1107461003
        },
        {
          "quarter": 6,
          "value": 211959.4752719495
        },
        {
          "quarter": 7,
          "value": 291547.4255674817
        },
        {
          "quarter": 8,
          "value": 353294.8910101263
        }
      ],
      "burn": [
        {
          "quarter": 1,
          "value": 93327.0249355704
        },
        {
          "quarter": 2,
          "value": 99866.97221134212
        },
        {
          "quarter": 3,
          "value": 105139.3110925589
        },
        {
          "quarter": 4,
          "value": 115422.2881543909
        },
        {
          "quarter": 5,
          "value": 115941.3249677995
        },
        {
          "quarter": 6,
          "value": 134574.8067430656
        },
        {
          "quarter": 7,
          "value": 150195.3098678547
        },
        {
          "quarter": 8,
          "value": 133262.3031167479
        }
      ],
      "traction": [
        {
          "quarter": 1,
          "value": 910.8121345964065
        },
        {
          "quarter": 2,
          "value": 1203.691895467583
        },
        {
          "quarter": 3,
          "value": 1933.503434334964
        },
        {
          "quarter": 4,
          "value": 2910.068103201872
        },
        {
          "quarter": 5,
          "value": 3034.63186519804
        },
        {
          "quarter": 6,
          "value": 5593.186935270304
        },
        {
          "quarter": 7,
          "value": 5607.687373551586
        },
        {
          "quarter": 8,
          "value": 21680.24318320469
        }
      ]
    },
    "actuals": [
      {
        "quarter": 1,
        "submittedAt": "2025-03-01T00:00:00.000Z",
        "revenue": 47270.71510298213,
        "burn": 113567.8355637688,
        "traction": 887.9297294256014,
        "runwayMonths": 6.969688661725158,
        "narrativeGood": "Strong customer acquisition",
        "narrativeBad": "Higher than expected burn",
        "narrativeHelp": "Need help with hiring"
      },
      {
        "quarter": 2,
        "submittedAt": "2025-05-30T00:00:00.000Z",
        "revenue": 62698.43247251197,
        "burn": 91566.11506260527,
        "traction": 1280.916407820468,
        "runwayMonths": 6.634792068951375,
        "narrativeGood": "Strong customer acquisition",
        "narrativeBad": "Higher than expected burn",
        "narrativeHelp": "Need help with hiring"
      },
      {
        "quarter": 3,
        "submittedAt": "2025-08-28T00:00:00.000Z",
        "revenue": 67662.00597613369,
        "burn": 132710.0842782539,
        "traction": 1788.187559358572,
        "runwayMonths": 9.667489979717288,
        "narrativeGood": "Strong customer acquisition",
        "narrativeBad": "Higher than expected burn",
        "narrativeHelp": "Need help with hiring"
      }
    ]
  },
  {
    "company": {
      "id": "cf885608-9f64-4dd4-aee0-393f418d39fc",
      "name": "AutoML Systems",
      "sector": "AI/ML",
      "stage": "Pre-Seed",
      "investmentAmount": 2172597.810810541,
      "currency": "USD",
      "investmentType": "SAFE",
      "investmentDate": "2024-06-30T23:00:00.000Z",
      "status": "ACTIVE"
    },
    "founders": [
      {
        "name": "Founder 13",
        "email": "founder13@automlsystems.com"
      }
    ],
    "forecast": {
      "version": 1,
      "startQuarter": "2024-06-30T23:00:00.000Z",
      "horizonQuarters": 8,
      "revenue": [
        {
          "quarter": 1,
          "value": 34178.72035576998
        },
        {
          "quarter": 2,
          "value": 48171.1792233864
        },
        {
          "quarter": 3,
          "value": 72367.7768851495
        },
        {
          "quarter": 4,
          "value": 93766.9683404709
        },
        {
          "quarter": 5,
          "value": 128916.3399546162
        },
        {
          "quarter": 6,
          "value": 120982.6878187403
        },
        {
          "quarter": 7,
          "value": 154534.1113153815
        },
        {
          "quarter": 8,
          "value": 522368.7598855146
        }
      ],
      "burn": [
        {
          "quarter": 1,
          "value": 83590.72954460683
        },
        {
          "quarter": 2,
          "value": 92030.63649162503
        },
        {
          "quarter": 3,
          "value": 97922.5764384968
        },
        {
          "quarter": 4,
          "value": 120269.7174939659
        },
        {
          "quarter": 5,
          "value": 129925.8484271408
        },
        {
          "quarter": 6,
          "value": 154707.2723894974
        },
        {
          "quarter": 7,
          "value": 173045.6867126477
        },
        {
          "quarter": 8,
          "value": 139558.8585752299
        }
      ],
      "traction": [
        {
          "quarter": 1,
          "value": 145.1262172882583
        },
        {
          "quarter": 2,
          "value": 240.1823964340063
        },
        {
          "quarter": 3,
          "value": 332.0444757940023
        },
        {
          "quarter": 4,
          "value": 553.5815038840317
        },
        {
          "quarter": 5,
          "value": 899.3584362063616
        },
        {
          "quarter": 6,
          "value": 1646.349257409833
        },
        {
          "quarter": 7,
          "value": 790.4216925388823
        },
        {
          "quarter": 8,
          "value": 1551.747765986464
        }
      ]
    },
    "actuals": [
      {
        "quarter": 1,
        "submittedAt": "2024-09-28T23:00:00.000Z",
        "revenue": 39680.12633324302,
        "burn": 100807.581689647,
        "traction": 168.4857296095817,
        "runwayMonths": 11.06628157495905,
        "narrativeGood": "Strong customer acquisition",
        "narrativeBad": "Higher than expected burn",
        "narrativeHelp": "Need help with hiring"
      },
      {
        "quarter": 2,
        "submittedAt": "2024-12-27T23:00:00.000Z",
        "revenue": 35849.88522975868,
        "burn": 120803.3903941306,
        "traction": 178.7481951902736,
        "runwayMonths": 11.3361343855551,
        "narrativeGood": "Strong customer acquisition",
        "narrativeBad": "Higher than expected burn",
        "narrativeHelp": "Need help with hiring"
      }
    ]
  },
  {
    "company": {
      "id": "b56497bc-a37a-4606-baba-29f8d38c7dcd",
      "name": "AutoML Systems",
      "sector": "AI/ML",
      "stage": "Pre-Seed",
      "investmentAmount": 963894.4222880758,
      "currency": "USD",
      "investmentType": "SAFE",
      "investmentDate": "2024-11-01T00:00:00.000Z",
      "status": "ACTIVE"
    },
    "founders": [
      {
        "name": "Founder 13",
        "email": "founder13@automlsystems.com"
      }
    ],
    "forecast": {
      "version": 1,
      "startQuarter": "2024-11-01T00:00:00.000Z",
      "horizonQuarters": 8,
      "revenue": [
        {
          "quarter": 1,
          "value": 13510.43230224164
        },
        {
          "quarter": 2,
          "value": 19235.96105238403
        },
        {
          "quarter": 3,
          "value": 20195.7582040225
        },
        {
          "quarter": 4,
          "value": 39026.843541236
        },
        {
          "quarter": 5,
          "value": 48764.35237707294
        },
        {
          "quarter": 6,
          "value": 68815.78658411393
        },
        {
          "quarter": 7,
          "value": 45625.16880829902
        },
        {
          "quarter": 8,
          "value": 168791.4656013406
        }
      ],
      "burn": [
        {
          "quarter": 1,
          "value": 66954.21781982327
        },
        {
          "quarter": 2,
          "value": 70556.38589148135
        },
        {
          "quarter": 3,
          "value": 77078.54960341124
        },
        {
          "quarter": 4,
          "value": 96646.59922991473
        },
        {
          "quarter": 5,
          "value": 105972.1928681838
        },
        {
          "quarter": 6,
          "value": 117640.160522443
        },
        {
          "quarter": 7,
          "value": 92708.80648959342
        },
        {
          "quarter": 8,
          "value": 175802.8902596206
        }
      ],
      "traction": [
        {
          "quarter": 1,
          "value": 813.9000354147134
        },
        {
          "quarter": 2,
          "value": 1346.453138966615
        },
        {
          "quarter": 3,
          "value": 1733.789522408479
        },
        {
          "quarter": 4,
          "value": 1848.648423161598
        },
        {
          "quarter": 5,
          "value": 5173.595913056352
        },
        {
          "quarter": 6,
          "value": 6879.510841354768
        },
        {
          "quarter": 7,
          "value": 5381.231373456143
        },
        {
          "quarter": 8,
          "value": 16783.13922902531
        }
      ]
    },
    "actuals": [
      {
        "quarter": 1,
        "submittedAt": "2025-01-30T00:00:00.000Z",
        "revenue": 9702.021545514028,
        "burn": 87619.13404005817,
        "traction": 584.4724656351673,
        "runwayMonths": 10.39454471243113,
        "narrativeGood": "Strong customer acquisition",
        "narrativeBad": "Higher than expected burn",
        "narrativeHelp": "Need help with hiring"
      },
      {
        "quarter": 2,
        "submittedAt": "2025-04-30T00:00:00.000Z",
        "revenue": 19989.91158967424,
        "burn": 93809.43578711618,
        "traction": 1399.227162827209,
        "runwayMonths": 10.69938318744589,
        "narrativeGood": "Strong customer acquisition",
        "narrativeBad": "Higher than expected burn",
        "narrativeHelp": "Need help with hiring"
      },
      {
        "quarter": 3,
        "submittedAt": "2025-07-29T00:00:00.000Z",
        "revenue": 23258.83843155415,
        "burn": 69525.33713833017,
        "traction": 1996.752484786053,
        "runwayMonths": 13.22357714686038,
        "narrativeGood": "Strong customer acquisition",
        "narrativeBad": "Higher than expected burn",
        "narrativeHelp": "Need help with hiring"
      }
    ]
  },
  {
    "company": {
      "id": "77e789fb-ec28-49f7-9ada-89480bdcec97",
      "name": "CleanWater Tech",
      "sector": "ClimateTech",
      "stage": "Seed",
      "investmentAmount": 1676782.758833657,
      "currency": "USD",
      "investmentType": "CLN",
      "investmentDate": "2024-01-01T00:00:00.000Z",
      "status": "ACTIVE"
    },
    "founders": [
      {
        "name": "Founder 14",
        "email": "founder14@cleanwatertech.com"
      }
    ],
    "forecast": {
      "version": 1,
      "startQuarter": "2024-01-01T00:00:00.000Z",
      "horizonQuarters": 8,
      "revenue": [
        {
          "quarter": 1,
          "value": 32141.95663045399
        },
        {
          "quarter": 2,
          "value": 46846.48684637342
        },
        {
          "quarter": 3,
          "value": 63866.68517902229
        },
        {
          "quarter": 4,
          "value": 74681.64168935134
        },
        {
          "quarter": 5,
          "value": 138437.1506948906
        },
        {
          "quarter": 6,
          "value": 151625.6226111459
        },
        {
          "quarter": 7,
          "value": 149917.8047999221
        },
        {
          "quarter": 8,
          "value": 272860.8291703433
        }
      ],
      "burn": [
        {
          "quarter": 1,
          "value": 83956.10021929018
        },
        {
          "quarter": 2,
          "value": 95420.83284611233
        },
        {
          "quarter": 3,
          "value": 92628.52548421295
        },
        {
          "quarter": 4,
          "value": 113386.9518926769
        },
        {
          "quarter": 5,
          "value": 107615.6250731623
        },
        {
          "quarter": 6,
          "value": 157050.3551434563
        },
        {
          "quarter": 7,
          "value": 180577.4375156047
        },
        {
          "quarter": 8,
          "value": 151867.4730951789
        }
      ],
      "traction": [
        {
          "quarter": 1,
          "value": 451.6909469488404
        },
        {
          "quarter": 2,
          "value": 590.1678462401006
        },
        {
          "quarter": 3,
          "value": 1181.277428236972
        },
        {
          "quarter": 4,
          "value": 1803.624400012436
        },
        {
          "quarter": 5,
          "value": 1332.519622063211
        },
        {
          "quarter": 6,
          "value": 3436.562205143991
        },
        {
          "quarter": 7,
          "value": 7043.295252887303
        },
        {
          "quarter": 8,
          "value": 6102.416862496447
        }
      ]
    },
    "actuals": [
      {
        "quarter": 1,
        "submittedAt": "2024-03-31T00:00:00.000Z",
        "revenue": 41625.805629382,
        "burn": 113050.0475989653,
        "traction": 584.9674859068579,
        "runwayMonths": 12.56875986743666,
        "narrativeGood": "Strong customer acquisition",
        "narrativeBad": "Higher than expected burn",
        "narrativeHelp": "Need help with hiring"
      }
    ]
  },
  {
    "company": {
      "id": "f1c412bc-10d3-45aa-b057-46392b093844",
      "name": "CleanWater Tech",
      "sector": "ClimateTech",
      "stage": "Seed",
      "investmentAmount": 1535058.475039173,
      "currency": "USD",
      "investmentType": "CLN",
      "investmentDate": "2024-03-31T23:00:00.000Z",
      "status": "ACTIVE"
    },
    "founders": [
      {
        "name": "Founder 14",
        "email": "founder14@cleanwatertech.com"
      }
    ],
    "forecast": {
      "version": 1,
      "startQuarter": "2024-03-31T23:00:00.000Z",
      "horizonQuarters": 8,
      "revenue": [
        {
          "quarter": 1,
          "value": 16938.80263814436
        },
        {
          "quarter": 2,
          "value": 24448.19849408153
        },
        {
          "quarter": 3,
          "value": 31252.08645375864
        },
        {
          "quarter": 4,
          "value": 54073.08165642808
        },
        {
          "quarter": 5,
          "value": 59510.84031101123
        },
        {
          "quarter": 6,
          "value": 91733.85364168021
        },
        {
          "quarter": 7,
          "value": 117041.0605058086
        },
        {
          "quarter": 8,
          "value": 216366.5677922821
        }
      ],
      "burn": [
        {
          "quarter": 1,
          "value": 50811.10514690563
        },
        {
          "quarter": 2,
          "value": 55325.60079981826
        },
        {
          "quarter": 3,
          "value": 67096.25222653738
        },
        {
          "quarter": 4,
          "value": 72152.44750271371
        },
        {
          "quarter": 5,
          "value": 68032.06101294061
        },
        {
          "quarter": 6,
          "value": 81536.6212254311
        },
        {
          "quarter": 7,
          "value": 109230.946348862
        },
        {
          "quarter": 8,
          "value": 73201.81896456408
        }
      ],
      "traction": [
        {
          "quarter": 1,
          "value": 517.2988288360906
        },
        {
          "quarter": 2,
          "value": 783.0694331195479
        },
        {
          "quarter": 3,
          "value": 1061.352155187879
        },
        {
          "quarter": 4,
          "value": 2305.756477649311
        },
        {
          "quarter": 5,
          "value": 1669.672998174799
        },
        {
          "quarter": 6,
          "value": 3689.861691868228
        },
        {
          "quarter": 7,
          "value": 3580.228428721861
        },
        {
          "quarter": 8,
          "value": 9846.997159517749
        }
      ]
    },
    "actuals": [
      {
        "quarter": 1,
        "submittedAt": "2024-06-29T23:00:00.000Z",
        "revenue": 21859.68306140706,
        "burn": 57122.43781049419,
        "traction": 667.5789716641261,
        "runwayMonths": 8.79991412269669,
        "narrativeGood": "Strong customer acquisition",
        "narrativeBad": "Higher than expected burn",
        "narrativeHelp": "Need help with hiring"
      },
      {
        "quarter": 2,
        "submittedAt": "2024-09-27T23:00:00.000Z",
        "revenue": 30933.20677686332,
        "burn": 57643.83566219302,
        "traction": 990.7825601625426,
        "runwayMonths": 14.12196985451123,
        "narrativeGood": "Strong customer acquisition",
        "narrativeBad": "Higher than expected burn",
        "narrativeHelp": "Need help with hiring"
      }
    ]
  },
  {
    "company": {
      "id": "b0e3dd2e-9b18-40d9-88a8-dc30d13ad8eb",
      "name": "CleanWater Tech",
      "sector": "ClimateTech",
      "stage": "Seed",
      "investmentAmount": 2263365.800176661,
      "currency": "USD",
      "investmentType": "CLN",
      "investmentDate": "2024-11-01T00:00:00.000Z",
      "status": "ACTIVE"
    },
    "founders": [
      {
        "name": "Founder 14",
        "email": "founder14@cleanwatertech.com"
      }
    ],
    "forecast": {
      "version": 1,
      "startQuarter": "2024-11-01T00:00:00.000Z",
      "horizonQuarters": 8,
      "revenue": [
        {
          "quarter": 1,
          "value": 31173.77754500587
        },
        {
          "quarter": 2,
          "value": 38033.48965790588
        },
        {
          "quarter": 3,
          "value": 48258.87260221171
        },
        {
          "quarter": 4,
          "value": 94388.22919691114
        },
        {
          "quarter": 5,
          "value": 143259.2825680479
        },
        {
          "quarter": 6,
          "value": 126649.6065260541
        },
        {
          "quarter": 7,
          "value": 144879.8357083426
        },
        {
          "quarter": 8,
          "value": 394059.3319348333
        }
      ],
      "burn": [
        {
          "quarter": 1,
          "value": 90956.83011947387
        },
        {
          "quarter": 2,
          "value": 96932.2327184673
        },
        {
          "quarter": 3,
          "value": 112479.237528925
        },
        {
          "quarter": 4,
          "value": 107923.0284833876
        },
        {
          "quarter": 5,
          "value": 115402.367887379
        },
        {
          "quarter": 6,
          "value": 121882.6083891456
        },
        {
          "quarter": 7,
          "value": 175428.9194176705
        },
        {
          "quarter": 8,
          "value": 232491.7567365082
        }
      ],
      "traction": [
        {
          "quarter": 1,
          "value": 495.0864531033429
        },
        {
          "quarter": 2,
          "value": 815.1600389554397
        },
        {
          "quarter": 3,
          "value": 958.4548581558794
        },
        {
          "quarter": 4,
          "value": 1745.063796108293
        },
        {
          "quarter": 5,
          "value": 1536.314912431055
        },
        {
          "quarter": 6,
          "value": 5084.814780333386
        },
        {
          "quarter": 7,
          "value": 7682.394616522376
        },
        {
          "quarter": 8,
          "value": 9315.307855057321
        }
      ]
    },
    "actuals": [
      {
        "quarter": 1,
        "submittedAt": "2025-01-30T00:00:00.000Z",
        "revenue": 35192.97842168868,
        "burn": 94155.73308584983,
        "traction": 558.9174053667949,
        "runwayMonths": 7.260225839500052,
        "narrativeGood": "Strong customer acquisition",
        "narrativeBad": "Higher than expected burn",
        "narrativeHelp": "Need help with hiring"
      },
      {
        "quarter": 2,
        "submittedAt": "2025-04-30T00:00:00.000Z",
        "revenue": 22885.15454017241,
        "burn": 118153.4416172726,
        "traction": 490.490450239042,
        "runwayMonths": 9.165513218869217,
        "narrativeGood": "Strong customer acquisition",
        "narrativeBad": "Higher than expected burn",
        "narrativeHelp": "Need help with hiring"
      },
      {
        "quarter": 3,
        "submittedAt": "2025-07-29T00:00:00.000Z",
        "revenue": 44278.18971904335,
        "burn": 145129.5649254092,
        "traction": 879.3957205834072,
        "runwayMonths": 7.852839621566972,
        "narrativeGood": "Strong customer acquisition",
        "narrativeBad": "Higher than expected burn",
        "narrativeHelp": "Need help with hiring"
      }
    ]
  },
  {
    "company": {
      "id": "c21583a4-1f4f-40f7-9e2c-726087321549",
      "name": "CloudScale",
      "sector": "SaaS",
      "stage": "Pre-Seed",
      "investmentAmount": 1210479.537979427,
      "currency": "USD",
      "investmentType": "CLN",
      "investmentDate": "2024-06-30T23:00:00.000Z",
      "status": "ACTIVE"
    },
    "founders": [
      {
        "name": "Founder 17",
        "email": "founder17@cloudscale.com"
      }
    ],
    "forecast": {
      "version": 1,
      "startQuarter": "2024-06-30T23:00:00.000Z",
      "horizonQuarters": 8,
      "revenue": [
        {
          "quarter": 1,
          "value": 47631.00528779086
        },
        {
          "quarter": 2,
          "value": 63605.82254745317
        },
        {
          "quarter": 3,
          "value": 81436.31653654724
        },
        {
          "quarter": 4,
          "value": 97487.82050222113
        },
        {
          "quarter": 5,
          "value": 238650.6337285417
        },
        {
          "quarter": 6,
          "value": 222677.644967449
        },
        {
          "quarter": 7,
          "value": 213041.6417081811
        },
        {
          "quarter": 8,
          "value": 236590.2356078184
        }
      ],
      "burn": [
        {
          "quarter": 1,
          "value": 64744.41834908939
        },
        {
          "quarter": 2,
          "value": 70905.47625006693
        },
        {
          "quarter": 3,
          "value": 75075.92288636854
        },
        {
          "quarter": 4,
          "value": 82043.43075004703
        },
        {
          "quarter": 5,
          "value": 93578.57967824547
        },
        {
          "quarter": 6,
          "value": 94907.37957725258
        },
        {
          "quarter": 7,
          "value": 128391.5677142718
        },
        {
          "quarter": 8,
          "value": 105257.494844366
        }
      ],
      "traction": [
        {
          "quarter": 1,
          "value": 957.8408055733888
        },
        {
          "quarter": 2,
          "value": 1268.51786612426
        },
        {
          "quarter": 3,
          "value": 1645.884183377645
        },
        {
          "quarter": 4,
          "value": 3645.334265307538
        },
        {
          "quarter": 5,
          "value": 6072.034737459039
        },
        {
          "quarter": 6,
          "value": 4764.826783461554
        },
        {
          "quarter": 7,
          "value": 9945.558503761222
        },
        {
          "quarter": 8,
          "value": 28282.66617002095
        }
      ]
    },
    "actuals": [
      {
        "quarter": 1,
        "submittedAt": "2024-09-28T23:00:00.000Z",
        "revenue": 49630.38335473381,
        "burn": 70779.17597734928,
        "traction": 998.0475130891191,
        "runwayMonths": 3.348815789151159,
        "narrativeGood": "Strong customer acquisition",
        "narrativeBad": "Higher than expected burn",
        "narrativeHelp": "Need help with hiring"
      }
    ]
  },
  {
    "company": {
      "id": "6b151974-0a42-49a7-a7fb-784cccd44ce7",
      "name": "CloudScale",
      "sector": "SaaS",
      "stage": "Pre-Seed",
      "investmentAmount": 505293.0138516529,
      "currency": "USD",
      "investmentType": "CLN",
      "investmentDate": "2024-01-01T00:00:00.000Z",
      "status": "ACTIVE"
    },
    "founders": [
      {
        "name": "Founder 17",
        "email": "founder17@cloudscale.com"
      }
    ],
    "forecast": {
      "version": 1,
      "startQuarter": "2024-01-01T00:00:00.000Z",
      "horizonQuarters": 8,
      "revenue": [
        {
          "quarter": 1,
          "value": 47343.74458088398
        },
        {
          "quarter": 2,
          "value": 60877.3200736459
        },
        {
          "quarter": 3,
          "value": 68588.14590347826
        },
        {
          "quarter": 4,
          "value": 159384.7724105337
        },
        {
          "quarter": 5,
          "value": 144420.1031655632
        },
        {
          "quarter": 6,
          "value": 286726.6397219395
        },
        {
          "quarter": 7,
          "value": 294524.7534700325
        },
        {
          "quarter": 8,
          "value": 277627.433805521
        }
      ],
      "burn": [
        {
          "quarter": 1,
          "value": 67964.77574562361
        },
        {
          "quarter": 2,
          "value": 75068.68937378794
        },
        {
          "quarter": 3,
          "value": 88385.40525314724
        },
        {
          "quarter": 4,
          "value": 89284.46907121918
        },
        {
          "quarter": 5,
          "value": 114936.1603979316
        },
        {
          "quarter": 6,
          "value": 103865.0358267291
        },
        {
          "quarter": 7,
          "value": 102387.8689792303
        },
        {
          "quarter": 8,
          "value": 131387.0519889967
        }
      ],
      "traction": [
        {
          "quarter": 1,
          "value": 531.2319740041261
        },
        {
          "quarter": 2,
          "value": 708.160812158793
        },
        {
          "quarter": 3,
          "value": 1022.347481217637
        },
        {
          "quarter": 4,
          "value": 1463.043641959469
        },
        {
          "quarter": 5,
          "value": 1689.668750177289
        },
        {
          "quarter": 6,
          "value": 7282.402091855534
        },
        {
          "quarter": 7,
          "value": 12336.95710839396
        },
        {
          "quarter": 8,
          "value": 10191.24766952247
        }
      ]
    },
    "actuals": [
      {
        "quarter": 1,
        "submittedAt": "2024-03-31T00:00:00.000Z",
        "revenue": 48062.97215739643,
        "burn": 87819.2248968473,
        "traction": 539.3022415465712,
        "runwayMonths": 11.46293445253873,
        "narrativeGood": "Strong customer acquisition",
        "narrativeBad": "Higher than expected burn",
        "narrativeHelp": "Need help with hiring"
      },
      {
        "quarter": 2,
        "submittedAt": "2024-06-29T00:00:00.000Z",
        "revenue": 79955.11342158436,
        "burn": 87509.55586761319,
        "traction": 930.0849312745806,
        "runwayMonths": 10.02297874684565,
        "narrativeGood": "Strong customer acquisition",
        "narrativeBad": "Higher than expected burn",
        "narrativeHelp": "Need help with hiring"
      },
      {
        "quarter": 3,
        "submittedAt": "2024-09-27T00:00:00.000Z",
        "revenue": 57119.40606618005,
        "burn": 97218.6434934304,
        "traction": 851.3990304182461,
        "runwayMonths": 4.125386529424508,
        "narrativeGood": "Strong customer acquisition",
        "narrativeBad": "Higher than expected burn",
        "narrativeHelp": "Need help with hiring"
      }
    ]
  },
  {
    "company": {
      "id": "70dcb218-32a2-4cea-9815-05238207e275",
      "name": "CloudScale",
      "sector": "SaaS",
      "stage": "Pre-Seed",
      "investmentAmount": 898813.5551929324,
      "currency": "USD",
      "investmentType": "CLN",
      "investmentDate": "2024-11-01T00:00:00.000Z",
      "status": "ACTIVE"
    },
    "founders": [
      {
        "name": "Founder 17",
        "email": "founder17@cloudscale.com"
      }
    ],
    "forecast": {
      "version": 1,
      "startQuarter": "2024-11-01T00:00:00.000Z",
      "horizonQuarters": 8,
      "revenue": [
        {
          "quarter": 1,
          "value": 27556.37946273045
        },
        {
          "quarter": 2,
          "value": 36153.35654240575
        },
        {
          "quarter": 3,
          "value": 48221.09640217896
        },
        {
          "quarter": 4,
          "value": 87768.98773889859
        },
        {
          "quarter": 5,
          "value": 59404.77440911449
        },
        {
          "quarter": 6,
          "value": 169735.6169888725
        },
        {
          "quarter": 7,
          "value": 123405.6546966407
        },
        {
          "quarter": 8,
          "value": 164392.3932527919
        }
      ],
      "burn": [
        {
          "quarter": 1,
          "value": 74681.52904950526
        },
        {
          "quarter": 2,
          "value": 83489.29879412752
        },
        {
          "quarter": 3,
          "value": 96166.0937495527
        },
        {
          "quarter": 4,
          "value": 92558.59832470836
        },
        {
          "quarter": 5,
          "value": 97778.28222840243
        },
        {
          "quarter": 6,
          "value": 107015.235834295
        },
        {
          "quarter": 7,
          "value": 106004.5160811172
        },
        {
          "quarter": 8,
          "value": 176456.8661830483
        }
      ],
      "traction": [
        {
          "quarter": 1,
          "value": 231.1778162359757
        },
        {
          "quarter": 2,
          "value": 332.2488027246129
        },
        {
          "quarter": 3,
          "value": 536.8686714566336
        },
        {
          "quarter": 4,
          "value": 853.8732184453982
        },
        {
          "quarter": 5,
          "value": 1772.682695314725
        },
        {
          "quarter": 6,
          "value": 3088.459371080764
        },
        {
          "quarter": 7,
          "value": 5260.005069655054
        },
        {
          "quarter": 8,
          "value": 8399.028246292823
        }
      ]
    },
    "actuals": [
      {
        "quarter": 1,
        "submittedAt": "2025-01-30T00:00:00.000Z",
        "revenue": 31503.99844408447,
        "burn": 103226.0221458108,
        "traction": 264.2954446484958,
        "runwayMonths": 14.22251802137057,
        "narrativeGood": "Strong customer acquisition",
        "narrativeBad": "Higher than expected burn",
        "narrativeHelp": "Need help with hiring"
      },
      {
        "quarter": 2,
        "submittedAt": "2025-04-30T00:00:00.000Z",
        "revenue": 31266.91929064161,
        "burn": 108194.2581882311,
        "traction": 287.3425178936789,
        "runwayMonths": 10.51566444915447,
        "narrativeGood": "Strong customer acquisition",
        "narrativeBad": "Higher than expected burn",
        "narrativeHelp": "Need help with hiring"
      },
      {
        "quarter": 3,
        "submittedAt": "2025-07-29T00:00:00.000Z",
        "revenue": 46491.62793010715,
        "burn": 111233.4520000069,
        "traction": 517.6136666930884,
        "runwayMonths": 6.035075735222406,
        "narrativeGood": "Strong customer acquisition",
        "narrativeBad": "Higher than expected burn",
        "narrativeHelp": "Need help with hiring"
      }
    ]
  },
  {
    "company": {
      "id": "87f5e579-618a-43b3-817b-b58b46aa2179",
      "name": "CloudSync AI",
      "sector": "SaaS",
      "stage": "Pre-Seed",
      "investmentAmount": 1986513.966272925,
      "currency": "USD",
      "investmentType": "SAFE",
      "investmentDate": "2024-11-01T00:00:00.000Z",
      "status": "ACTIVE"
    },
    "founders": [
      {
        "name": "Founder 1",
        "email": "founder1@cloudsyncai.com"
      }
    ],
    "forecast": {
      "version": 1,
      "startQuarter": "2024-11-01T00:00:00.000Z",
      "horizonQuarters": 8,
      "revenue": [
        {
          "quarter": 1,
          "value": 19456.98816913984
        },
        {
          "quarter": 2,
          "value": 27950.29710610501
        },
        {
          "quarter": 3,
          "value": 40694.12974424885
        },
        {
          "quarter": 4,
          "value": 43168.7595577231
        },
        {
          "quarter": 5,
          "value": 46890.47586368403
        },
        {
          "quarter": 6,
          "value": 73986.8904653276
        },
        {
          "quarter": 7,
          "value": 144727.5481676129
        },
        {
          "quarter": 8,
          "value": 85399.66159693035
        }
      ],
      "burn": [
        {
          "quarter": 1,
          "value": 91197.37754742446
        },
        {
          "quarter": 2,
          "value": 98225.4157013941
        },
        {
          "quarter": 3,
          "value": 118497.4868921469
        },
        {
          "quarter": 4,
          "value": 111531.4527915954
        },
        {
          "quarter": 5,
          "value": 141437.0820244543
        },
        {
          "quarter": 6,
          "value": 120897.7343025338
        },
        {
          "quarter": 7,
          "value": 193960.870114038
        },
        {
          "quarter": 8,
          "value": 203214.6537241103
        }
      ],
      "traction": [
        {
          "quarter": 1,
          "value": 327.9838785787119
        },
        {
          "quarter": 2,
          "value": 442.8389122027958
        },
        {
          "quarter": 3,
          "value": 678.361666891819
        },
        {
          "quarter": 4,
          "value": 1349.351634515308
        },
        {
          "quarter": 5,
          "value": 1407.174053980841
        },
        {
          "quarter": 6,
          "value": 2973.355330073104
        },
        {
          "quarter": 7,
          "value": 1923.592917675453
        },
        {
          "quarter": 8,
          "value": 2618.526022556659
        }
      ]
    },
    "actuals": [
      {
        "quarter": 1,
        "submittedAt": "2025-01-30T00:00:00.000Z",
        "revenue": 21716.21210217212,
        "burn": 116337.7554962491,
        "traction": 366.0673178907139,
        "runwayMonths": 13.1449810102994,
        "narrativeGood": "Strong customer acquisition",
        "narrativeBad": "Higher than expected burn",
        "narrativeHelp": "Need help with hiring"
      },
      {
        "quarter": 2,
        "submittedAt": "2025-04-30T00:00:00.000Z",
        "revenue": 24570.12963508367,
        "burn": 96029.02867229503,
        "traction": 389.2842154406132,
        "runwayMonths": 10.427727525882,
        "narrativeGood": "Strong customer acquisition",
        "narrativeBad": "Higher than expected burn",
        "narrativeHelp": "Need help with hiring"
      }
    ]
  },
  {
    "company": {
      "id": "76e4f730-fcdb-45f8-896c-ae8a658f339f",
      "name": "CloudSync AI",
      "sector": "SaaS",
      "stage": "Pre-Seed",
      "investmentAmount": 659579.3178187574,
      "currency": "USD",
      "investmentType": "SAFE",
      "investmentDate": "2024-11-01T00:00:00.000Z",
      "status": "ACTIVE"
    },
    "founders": [
      {
        "name": "Founder 1",
        "email": "founder1@cloudsyncai.com"
      }
    ],
    "forecast": {
      "version": 1,
      "startQuarter": "2024-11-01T00:00:00.000Z",
      "horizonQuarters": 8,
      "revenue": [
        {
          "quarter": 1,
          "value": 38010.87053788325
        },
        {
          "quarter": 2,
          "value": 52986.86079163492
        },
        {
          "quarter": 3,
          "value": 57447.15053352388
        },
        {
          "quarter": 4,
          "value": 115374.116476869
        },
        {
          "quarter": 5,
          "value": 96343.52851430356
        },
        {
          "quarter": 6,
          "value": 114193.4162035403
        },
        {
          "quarter": 7,
          "value": 336705.107510514
        },
        {
          "quarter": 8,
          "value": 444289.8022611119
        }
      ],
      "burn": [
        {
          "quarter": 1,
          "value": 141115.3762487205
        },
        {
          "quarter": 2,
          "value": 160680.7539302114
        },
        {
          "quarter": 3,
          "value": 183818.9003485966
        },
        {
          "quarter": 4,
          "value": 195772.0698060477
        },
        {
          "quarter": 5,
          "value": 173012.8665869327
        },
        {
          "quarter": 6,
          "value": 262495.3471802681
        },
        {
          "quarter": 7,
          "value": 236189.0819283256
        },
        {
          "quarter": 8,
          "value": 259520.6514428926
        }
      ],
      "traction": [
        {
          "quarter": 1,
          "value": 190.889983547784
        },
        {
          "quarter": 2,
          "value": 264.1192076544154
        },
        {
          "quarter": 3,
          "value": 331.4975730288199
        },
        {
          "quarter": 4,
          "value": 817.0421206497889
        },
        {
          "quarter": 5,
          "value": 901.1693100283353
        },
        {
          "quarter": 6,
          "value": 1542.774207295011
        },
        {
          "quarter": 7,
          "value": 1287.138894765024
        },
        {
          "quarter": 8,
          "value": 2324.439094194951
        }
      ]
    },
    "actuals": [
      {
        "quarter": 1,
        "submittedAt": "2025-01-30T00:00:00.000Z",
        "revenue": 30538.76303466931,
        "burn": 170088.8501222629,
        "traction": 153.365179243862,
        "runwayMonths": 3.035948560900122,
        "narrativeGood": "Strong customer acquisition",
        "narrativeBad": "Higher than expected burn",
        "narrativeHelp": "Need help with hiring"
      },
      {
        "quarter": 2,
        "submittedAt": "2025-04-30T00:00:00.000Z",
        "revenue": 40598.14541404868,
        "burn": 194200.1173975932,
        "traction": 202.3662062405117,
        "runwayMonths": 8.834020387499386,
        "narrativeGood": "Strong customer acquisition",
        "narrativeBad": "Higher than expected burn",
        "narrativeHelp": "Need help with hiring"
      }
    ]
  },
  {
    "company": {
      "id": "efe8a61e-993c-48cf-ad19-8e9198be397d",
      "name": "CloudSync AI",
      "sector": "SaaS",
      "stage": "Pre-Seed",
      "investmentAmount": 1045531.218690798,
      "currency": "USD",
      "investmentType": "SAFE",
      "investmentDate": "2024-03-01T00:00:00.000Z",
      "status": "ACTIVE"
    },
    "founders": [
      {
        "name": "Founder 1",
        "email": "founder1@cloudsyncai.com"
      }
    ],
    "forecast": {
      "version": 1,
      "startQuarter": "2024-03-01T00:00:00.000Z",
      "horizonQuarters": 8,
      "revenue": [
        {
          "quarter": 1,
          "value": 24485.86135890885
        },
        {
          "quarter": 2,
          "value": 35122.42154381259
        },
        {
          "quarter": 3,
          "value": 45293.44992233384
        },
        {
          "quarter": 4,
          "value": 80434.05410570698
        },
        {
          "quarter": 5,
          "value": 78290.01205846312
        },
        {
          "quarter": 6,
          "value": 178579.1710007944
        },
        {
          "quarter": 7,
          "value": 91820.54876961456
        },
        {
          "quarter": 8,
          "value": 140263.0882108091
        }
      ],
      "burn": [
        {
          "quarter": 1,
          "value": 95310.93881337035
        },
        {
          "quarter": 2,
          "value": 105740.5107524492
        },
        {
          "quarter": 3,
          "value": 120668.8838773599
        },
        {
          "quarter": 4,
          "value": 131401.3797667031
        },
        {
          "quarter": 5,
          "value": 138666.8833536261
        },
        {
          "quarter": 6,
          "value": 164507.8037634685
        },
        {
          "quarter": 7,
          "value": 145584.9537458048
        },
        {
          "quarter": 8,
          "value": 137162.4131998105
        }
      ],
      "traction": [
        {
          "quarter": 1,
          "value": 837.9720831517287
        },
        {
          "quarter": 2,
          "value": 1349.467716583629
        },
        {
          "quarter": 3,
          "value": 1716.872962687133
        },
        {
          "quarter": 4,
          "value": 3199.228355703302
        },
        {
          "quarter": 5,
          "value": 5415.649530442693
        },
        {
          "quarter": 6,
          "value": 7445.322458386217
        },
        {
          "quarter": 7,
          "value": 15991.93260534531
        },
        {
          "quarter": 8,
          "value": 5412.395342179946
        }
      ]
    },
    "actuals": [
      {
        "quarter": 1,
        "submittedAt": "2024-05-30T00:00:00.000Z",
        "revenue": 20322.92145271778,
        "burn": 91175.24074904605,
        "traction": 695.5050743708766,
        "runwayMonths": 5.267425625978909,
        "narrativeGood": "Strong customer acquisition",
        "narrativeBad": "Higher than expected burn",
        "narrativeHelp": "Need help with hiring"
      },
      {
        "quarter": 2,
        "submittedAt": "2024-08-28T00:00:00.000Z",
        "revenue": 24524.16814791494,
        "burn": 99230.14833965326,
        "traction": 942.2634242458694,
        "runwayMonths": 14.96626847015911,
        "narrativeGood": "Strong customer acquisition",
        "narrativeBad": "Higher than expected burn",
        "narrativeHelp": "Need help with hiring"
      },
      {
        "quarter": 3,
        "submittedAt": "2024-11-26T00:00:00.000Z",
        "revenue": 46325.54488598467,
        "burn": 136538.205451217,
        "traction": 1755.995086107984,
        "runwayMonths": 6.959549399428125,
        "narrativeGood": "Strong customer acquisition",
        "narrativeBad": "Higher than expected burn",
        "narrativeHelp": "Need help with hiring"
      },
      {
        "quarter": 4,
        "submittedAt": "2025-02-24T00:00:00.000Z",
        "revenue": 101024.8757848739,
        "burn": 156538.1899397984,
        "traction": 4018.219034659359,
        "runwayMonths": 14.30436045249277,
        "narrativeGood": "Strong customer acquisition",
        "narrativeBad": "Higher than expected burn",
        "narrativeHelp": "Need help with hiring"
      }
    ]
  },
  {
    "company": {
      "id": "eebe7964-2273-4592-9914-97fd63429940",
      "name": "CloudSync AI",
      "sector": "SaaS",
      "stage": "Pre-Seed",
      "investmentAmount": 2443486.219835709,
      "currency": "USD",
      "investmentType": "SAFE",
      "investmentDate": "2024-12-01T00:00:00.000Z",
      "status": "ACTIVE"
    },
    "founders": [
      {
        "name": "Founder 1",
        "email": "founder1@cloudsyncai.com"
      }
    ],
    "forecast": {
      "version": 1,
      "startQuarter": "2024-12-01T00:00:00.000Z",
      "horizonQuarters": 8,
      "revenue": [
        {
          "quarter": 1,
          "value": 49432.27978558037
        },
        {
          "quarter": 2,
          "value": 62818.22470731747
        },
        {
          "quarter": 3,
          "value": 81030.62153832645
        },
        {
          "quarter": 4,
          "value": 122733.8660931268
        },
        {
          "quarter": 5,
          "value": 164330.8168589384
        },
        {
          "quarter": 6,
          "value": 202460.4311609504
        },
        {
          "quarter": 7,
          "value": 452031.8575426477
        },
        {
          "quarter": 8,
          "value": 183332.2833903516
        }
      ],
      "burn": [
        {
          "quarter": 1,
          "value": 123806.2801272467
        },
        {
          "quarter": 2,
          "value": 141909.4501854631
        },
        {
          "quarter": 3,
          "value": 145510.0712310204
        },
        {
          "quarter": 4,
          "value": 169106.2434728332
        },
        {
          "quarter": 5,
          "value": 163486.0179992373
        },
        {
          "quarter": 6,
          "value": 197279.2098458675
        },
        {
          "quarter": 7,
          "value": 272079.0989071875
        },
        {
          "quarter": 8,
          "value": 246007.6328030375
        }
      ],
      "traction": [
        {
          "quarter": 1,
          "value": 1003.646060382705
        },
        {
          "quarter": 2,
          "value": 1361.724988734815
        },
        {
          "quarter": 3,
          "value": 2191.557867157217
        },
        {
          "quarter": 4,
          "value": 4080.105300475496
        },
        {
          "quarter": 5,
          "value": 4811.140642551589
        },
        {
          "quarter": 6,
          "value": 9970.606402483798
        },
        {
          "quarter": 7,
          "value": 17124.59832567211
        },
        {
          "quarter": 8,
          "value": 23356.31882015208
        }
      ]
    },
    "actuals": [
      {
        "quarter": 1,
        "submittedAt": "2025-03-01T00:00:00.000Z",
        "revenue": 61656.97323139942,
        "burn": 162771.5357222244,
        "traction": 1251.8495717219,
        "runwayMonths": 10.53139934616059,
        "narrativeGood": "Strong customer acquisition",
        "narrativeBad": "Higher than expected burn",
        "narrativeHelp": "Need help with hiring"
      },
      {
        "quarter": 2,
        "submittedAt": "2025-05-30T00:00:00.000Z",
        "revenue": 44093.95940260774,
        "burn": 137076.4457751595,
        "traction": 955.8348178501631,
        "runwayMonths": 13.39460257783818,
        "narrativeGood": "Strong customer acquisition",
        "narrativeBad": "Higher than expected burn",
        "narrativeHelp": "Need help with hiring"
      },
      {
        "quarter": 3,
        "submittedAt": "2025-08-28T00:00:00.000Z",
        "revenue": 56084.3794851022,
        "burn": 148154.2613044962,
        "traction": 1516.860672567724,
        "runwayMonths": 8.019406260535137,
        "narrativeGood": "Strong customer acquisition",
        "narrativeBad": "Higher than expected burn",
        "narrativeHelp": "Need help with hiring"
      },
      {
        "quarter": 4,
        "submittedAt": "2025-11-26T00:00:00.000Z",
        "revenue": 82495.18965459337,
        "burn": 163684.1561905494,
        "traction": 2742.430197041491,
        "runwayMonths": 11.39797858315244,
        "narrativeGood": "Strong customer acquisition",
        "narrativeBad": "Higher than expected burn",
        "narrativeHelp": "Need help with hiring"
      }
    ]
  },
  {
    "company": {
      "id": "77a27c99-baa3-4e0e-b919-70ac140c83b4",
      "name": "CyberGuard",
      "sector": "Cybersecurity",
      "stage": "Series B",
      "investmentAmount": 537627.9503678028,
      "currency": "USD",
      "investmentType": "SAFE",
      "investmentDate": "2024-09-30T23:00:00.000Z",
      "status": "ACTIVE"
    },
    "founders": [
      {
        "name": "Founder 16",
        "email": "founder16@cyberguard.com"
      }
    ],
    "forecast": {
      "version": 1,
      "startQuarter": "2024-09-30T23:00:00.000Z",
      "horizonQuarters": 8,
      "revenue": [
        {
          "quarter": 1,
          "value": 49101.37443315323
        },
        {
          "quarter": 2,
          "value": 59219.43523310729
        },
        {
          "quarter": 3,
          "value": 100546.7449732754
        },
        {
          "quarter": 4,
          "value": 90278.14642764619
        },
        {
          "quarter": 5,
          "value": 224316.4277929431
        },
        {
          "quarter": 6,
          "value": 123491.8680770316
        },
        {
          "quarter": 7,
          "value": 264591.4407720341
        },
        {
          "quarter": 8,
          "value": 786647.3976371695
        }
      ],
      "burn": [
        {
          "quarter": 1,
          "value": 82456.87912979673
        },
        {
          "quarter": 2,
          "value": 89103.78618243076
        },
        {
          "quarter": 3,
          "value": 92785.47838956043
        },
        {
          "quarter": 4,
          "value": 96303.29091121754
        },
        {
          "quarter": 5,
          "value": 123869.3395735108
        },
        {
          "quarter": 6,
          "value": 151374.8352108374
        },
        {
          "quarter": 7,
          "value": 169287.739831271
        },
        {
          "quarter": 8,
          "value": 193703.294091968
        }
      ],
      "traction": [
        {
          "quarter": 1,
          "value": 456.1623990703755
        },
        {
          "quarter": 2,
          "value": 763.668367712878
        },
        {
          "quarter": 3,
          "value": 1212.073427843187
        },
        {
          "quarter": 4,
          "value": 1221.48898324312
        },
        {
          "quarter": 5,
          "value": 2701.45502207091
        },
        {
          "quarter": 6,
          "value": 1704.7214358298
        },
        {
          "quarter": 7,
          "value": 4752.855276834294
        },
        {
          "quarter": 8,
          "value": 10498.69357209531
        }
      ]
    },
    "actuals": [
      {
        "quarter": 1,
        "submittedAt": "2024-12-29T23:00:00.000Z",
        "revenue": 67002.48529364399,
        "burn": 84972.2575410984,
        "traction": 622.4675946054451,
        "runwayMonths": 5.028380318958092,
        "narrativeGood": "Strong customer acquisition",
        "narrativeBad": "Higher than expected burn",
        "narrativeHelp": "Need help with hiring"
      },
      {
        "quarter": 2,
        "submittedAt": "2025-03-29T23:00:00.000Z",
        "revenue": 41453.62322919627,
        "burn": 111815.4850806843,
        "traction": 534.5680968184387,
        "runwayMonths": 12.19970272088941,
        "narrativeGood": "Strong customer acquisition",
        "narrativeBad": "Higher than expected burn",
        "narrativeHelp": "Need help with hiring"
      }
    ]
  },
  {
    "company": {
      "id": "25e0b053-6565-49a1-8b94-5b32c8889264",
      "name": "CyberGuard",
      "sector": "Cybersecurity",
      "stage": "Series B",
      "investmentAmount": 1825715.619924093,
      "currency": "USD",
      "investmentType": "SAFE",
      "investmentDate": "2024-03-01T00:00:00.000Z",
      "status": "ACTIVE"
    },
    "founders": [
      {
        "name": "Founder 16",
        "email": "founder16@cyberguard.com"
      }
    ],
    "forecast": {
      "version": 1,
      "startQuarter": "2024-03-01T00:00:00.000Z",
      "horizonQuarters": 8,
      "revenue": [
        {
          "quarter": 1,
          "value": 32849.32679736058
        },
        {
          "quarter": 2,
          "value": 40953.03644022237
        },
        {
          "quarter": 3,
          "value": 64736.94237425285
        },
        {
          "quarter": 4,
          "value": 103020.1504411566
        },
        {
          "quarter": 5,
          "value": 89057.3426288035
        },
        {
          "quarter": 6,
          "value": 197871.737638635
        },
        {
          "quarter": 7,
          "value": 220736.6082510099
        },
        {
          "quarter": 8,
          "value": 243922.4681594218
        }
      ],
      "burn": [
        {
          "quarter": 1,
          "value": 113726.4119401804
        },
        {
          "quarter": 2,
          "value": 125850.576557157
        },
        {
          "quarter": 3,
          "value": 142631.4416095258
        },
        {
          "quarter": 4,
          "value": 137671.850874095
        },
        {
          "quarter": 5,
          "value": 175339.9497559233
        },
        {
          "quarter": 6,
          "value": 185276.1666034196
        },
        {
          "quarter": 7,
          "value": 161427.7833593262
        },
        {
          "quarter": 8,
          "value": 268062.3273631622
        }
      ],
      "traction": [
        {
          "quarter": 1,
          "value": 444.7091057316584
        },
        {
          "quarter": 2,
          "value": 628.7811784367921
        },
        {
          "quarter": 3,
          "value": 1103.851368867062
        },
        {
          "quarter": 4,
          "value": 1170.291619353482
        },
        {
          "quarter": 5,
          "value": 1456.515672542277
        },
        {
          "quarter": 6,
          "value": 2930.644464245495
        },
        {
          "quarter": 7,
          "value": 7866.126717858305
        },
        {
          "quarter": 8,
          "value": 7660.769843057418
        }
      ]
    },
    "actuals": [
      {
        "quarter": 1,
        "submittedAt": "2024-05-30T00:00:00.000Z",
        "revenue": 30099.3964647446,
        "burn": 116698.2450825241,
        "traction": 407.4809741907625,
        "runwayMonths": 12.11161123084951,
        "narrativeGood": "Strong customer acquisition",
        "narrativeBad": "Higher than expected burn",
        "narrativeHelp": "Need help with hiring"
      }
    ]
  },
  {
    "company": {
      "id": "ac631719-5d35-470e-abf9-071214f29d4b",
      "name": "CyberGuard",
      "sector": "Cybersecurity",
      "stage": "Series B",
      "investmentAmount": 1086792.442682588,
      "currency": "USD",
      "investmentType": "SAFE",
      "investmentDate": "2024-08-31T23:00:00.000Z",
      "status": "ACTIVE"
    },
    "founders": [
      {
        "name": "Founder 16",
        "email": "founder16@cyberguard.com"
      }
    ],
    "forecast": {
      "version": 1,
      "startQuarter": "2024-08-31T23:00:00.000Z",
      "horizonQuarters": 8,
      "revenue": [
        {
          "quarter": 1,
          "value": 11027.035391985
        },
        {
          "quarter": 2,
          "value": 13896.54844372972
        },
        {
          "quarter": 3,
          "value": 18757.84074187843
        },
        {
          "quarter": 4,
          "value": 19924.38165563091
        },
        {
          "quarter": 5,
          "value": 26962.83489056369
        },
        {
          "quarter": 6,
          "value": 56960.08202469703
        },
        {
          "quarter": 7,
          "value": 36721.51924451859
        },
        {
          "quarter": 8,
          "value": 58507.63681909519
        }
      ],
      "burn": [
        {
          "quarter": 1,
          "value": 136352.1503356693
        },
        {
          "quarter": 2,
          "value": 156553.2523784669
        },
        {
          "quarter": 3,
          "value": 166501.1691960997
        },
        {
          "quarter": 4,
          "value": 181034.3565470254
        },
        {
          "quarter": 5,
          "value": 201797.468729687
        },
        {
          "quarter": 6,
          "value": 274136.3288023328
        },
        {
          "quarter": 7,
          "value": 186775.3066702819
        },
        {
          "quarter": 8,
          "value": 222278.3707070467
        }
      ],
      "traction": [
        {
          "quarter": 1,
          "value": 221.0303039809069
        },
        {
          "quarter": 2,
          "value": 356.4563268738727
        },
        {
          "quarter": 3,
          "value": 488.3642372006385
        },
        {
          "quarter": 4,
          "value": 1018.950300313645
        },
        {
          "quarter": 5,
          "value": 653.9178328731214
        },
        {
          "quarter": 6,
          "value": 1021.282833805598
        },
        {
          "quarter": 7,
          "value": 1176.490142459953
        },
        {
          "quarter": 8,
          "value": 1626.187915134017
        }
      ]
    },
    "actuals": [
      {
        "quarter": 1,
        "submittedAt": "2024-11-29T23:00:00.000Z",
        "revenue": 8937.27109371999,
        "burn": 151681.4114273154,
        "traction": 179.1422332824402,
        "runwayMonths": 4.031045763211866,
        "narrativeGood": "Strong customer acquisition",
        "narrativeBad": "Higher than expected burn",
        "narrativeHelp": "Need help with hiring"
      }
    ]
  },
  {
    "company": {
      "id": "42e4bcfd-6666-45b8-866d-3223c39aeff8",
      "name": "DataPulse",
      "sector": "SaaS",
      "stage": "Pre-Seed",
      "investmentAmount": 2071063.017592706,
      "currency": "USD",
      "investmentType": "EQUITY",
      "investmentDate": "2024-09-30T23:00:00.000Z",
      "status": "ACTIVE"
    },
    "founders": [
      {
        "name": "Founder 9",
        "email": "founder9@datapulse.com"
      }
    ],
    "forecast": {
      "version": 1,
      "startQuarter": "2024-09-30T23:00:00.000Z",
      "horizonQuarters": 8,
      "revenue": [
        {
          "quarter": 1,
          "value": 44307.75818649719
        },
        {
          "quarter": 2,
          "value": 56846.69114697754
        },
        {
          "quarter": 3,
          "value": 95474.40065899113
        },
        {
          "quarter": 4,
          "value": 111294.3574581943
        },
        {
          "quarter": 5,
          "value": 133225.9217878492
        },
        {
          "quarter": 6,
          "value": 248820.6061786082
        },
        {
          "quarter": 7,
          "value": 136306.8083564375
        },
        {
          "quarter": 8,
          "value": 160821.0547328595
        }
      ],
      "burn": [
        {
          "quarter": 1,
          "value": 58900.42100974244
        },
        {
          "quarter": 2,
          "value": 62676.86831417221
        },
        {
          "quarter": 3,
          "value": 69240.83376940557
        },
        {
          "quarter": 4,
          "value": 86766.26085686433
        },
        {
          "quarter": 5,
          "value": 77644.51231897503
        },
        {
          "quarter": 6,
          "value": 108226.8056341985
        },
        {
          "quarter": 7,
          "value": 81301.13002702958
        },
        {
          "quarter": 8,
          "value": 137538.9394857727
        }
      ],
      "traction": [
        {
          "quarter": 1,
          "value": 149.6784103320521
        },
        {
          "quarter": 2,
          "value": 243.213025834454
        },
        {
          "quarter": 3,
          "value": 413.6730385302145
        },
        {
          "quarter": 4,
          "value": 468.5206503901748
        },
        {
          "quarter": 5,
          "value": 655.3697061886345
        },
        {
          "quarter": 6,
          "value": 714.6711033963954
        },
        {
          "quarter": 7,
          "value": 866.2654981939061
        },
        {
          "quarter": 8,
          "value": 2649.156502976733
        }
      ]
    },
    "actuals": [
      {
        "quarter": 1,
        "submittedAt": "2024-12-29T23:00:00.000Z",
        "revenue": 36175.80805683691,
        "burn": 78367.73436663157,
        "traction": 122.2074341841772,
        "runwayMonths": 9.083606382138736,
        "narrativeGood": "Strong customer acquisition",
        "narrativeBad": "Higher than expected burn",
        "narrativeHelp": "Need help with hiring"
      },
      {
        "quarter": 2,
        "submittedAt": "2025-03-29T23:00:00.000Z",
        "revenue": 53533.02238997973,
        "burn": 68323.9861279158,
        "traction": 229.0358171220102,
        "runwayMonths": 8.527095045308748,
        "narrativeGood": "Strong customer acquisition",
        "narrativeBad": "Higher than expected burn",
        "narrativeHelp": "Need help with hiring"
      }
    ]
  },
  {
    "company": {
      "id": "4d10c5b2-1436-420d-aa5d-2f7118196ea3",
      "name": "DataPulse",
      "sector": "SaaS",
      "stage": "Pre-Seed",
      "investmentAmount": 2165309.415555281,
      "currency": "USD",
      "investmentType": "EQUITY",
      "investmentDate": "2024-03-31T23:00:00.000Z",
      "status": "ACTIVE"
    },
    "founders": [
      {
        "name": "Founder 9",
        "email": "founder9@datapulse.com"
      }
    ],
    "forecast": {
      "version": 1,
      "startQuarter": "2024-03-31T23:00:00.000Z",
      "horizonQuarters": 8,
      "revenue": [
        {
          "quarter": 1,
          "value": 28324.99986634545
        },
        {
          "quarter": 2,
          "value": 36407.66130748306
        },
        {
          "quarter": 3,
          "value": 60209.14855655735
        },
        {
          "quarter": 4,
          "value": 77435.55261858438
        },
        {
          "quarter": 5,
          "value": 95131.40485592606
        },
        {
          "quarter": 6,
          "value": 138995.6946749566
        },
        {
          "quarter": 7,
          "value": 118633.869817466
        },
        {
          "quarter": 8,
          "value": 133910.20155818
        }
      ],
      "burn": [
        {
          "quarter": 1,
          "value": 138876.5332257946
        },
        {
          "quarter": 2,
          "value": 155760.7019818371
        },
        {
          "quarter": 3,
          "value": 157579.2132801105
        },
        {
          "quarter": 4,
          "value": 177179.9249855138
        },
        {
          "quarter": 5,
          "value": 177799.4311023797
        },
        {
          "quarter": 6,
          "value": 193002.5039273278
        },
        {
          "quarter": 7,
          "value": 187405.5305277947
        },
        {
          "quarter": 8,
          "value": 237060.2090903934
        }
      ],
      "traction": [
        {
          "quarter": 1,
          "value": 315.9107369686553
        },
        {
          "quarter": 2,
          "value": 502.5781299630954
        },
        {
          "quarter": 3,
          "value": 696.3845624046004
        },
        {
          "quarter": 4,
          "value": 1323.813801704988
        },
        {
          "quarter": 5,
          "value": 1321.004594595483
        },
        {
          "quarter": 6,
          "value": 1432.968277051063
        },
        {
          "quarter": 7,
          "value": 3948.302545080006
        },
        {
          "quarter": 8,
          "value": 2910.340803829487
        }
      ]
    },
    "actuals": [
      {
        "quarter": 1,
        "submittedAt": "2024-06-29T23:00:00.000Z",
        "revenue": 39273.2833370087,
        "burn": 137146.3067171177,
        "traction": 438.0177207666828,
        "runwayMonths": 5.943281525696513,
        "narrativeGood": "Strong customer acquisition",
        "narrativeBad": "Higher than expected burn",
        "narrativeHelp": "Need help with hiring"
      },
      {
        "quarter": 2,
        "submittedAt": "2024-09-27T23:00:00.000Z",
        "revenue": 24448.85626475136,
        "burn": 203026.3158350651,
        "traction": 337.4965603393411,
        "runwayMonths": 7.788688292834083,
        "narrativeGood": "Strong customer acquisition",
        "narrativeBad": "Higher than expected burn",
        "narrativeHelp": "Need help with hiring"
      }
    ]
  },
  {
    "company": {
      "id": "51f083b3-3e67-4d9d-b3c8-c915cd83ca0e",
      "name": "DataPulse",
      "sector": "SaaS",
      "stage": "Pre-Seed",
      "investmentAmount": 1958385.295085844,
      "currency": "USD",
      "investmentType": "EQUITY",
      "investmentDate": "2024-07-31T23:00:00.000Z",
      "status": "ACTIVE"
    },
    "founders": [
      {
        "name": "Founder 9",
        "email": "founder9@datapulse.com"
      }
    ],
    "forecast": {
      "version": 1,
      "startQuarter": "2024-07-31T23:00:00.000Z",
      "horizonQuarters": 8,
      "revenue": [
        {
          "quarter": 1,
          "value": 47085.66814848219
        },
        {
          "quarter": 2,
          "value": 65521.41482819767
        },
        {
          "quarter": 3,
          "value": 78411.92005662505
        },
        {
          "quarter": 4,
          "value": 152470.6979556754
        },
        {
          "quarter": 5,
          "value": 131796.7985090087
        },
        {
          "quarter": 6,
          "value": 217452.2964411993
        },
        {
          "quarter": 7,
          "value": 270755.7668495961
        },
        {
          "quarter": 8,
          "value": 227451.5137149775
        }
      ],
      "burn": [
        {
          "quarter": 1,
          "value": 134467.6109456655
        },
        {
          "quarter": 2,
          "value": 147058.1566949482
        },
        {
          "quarter": 3,
          "value": 160063.4010880045
        },
        {
          "quarter": 4,
          "value": 158070.556235523
        },
        {
          "quarter": 5,
          "value": 222090.6041669068
        },
        {
          "quarter": 6,
          "value": 268182.6698343319
        },
        {
          "quarter": 7,
          "value": 309860.6158765001
        },
        {
          "quarter": 8,
          "value": 318464.9316309053
        }
      ],
      "traction": [
        {
          "quarter": 1,
          "value": 609.663808925764
        },
        {
          "quarter": 2,
          "value": 942.3669968068674
        },
        {
          "quarter": 3,
          "value": 1660.014427734297
        },
        {
          "quarter": 4,
          "value": 2763.061886360244
        },
        {
          "quarter": 5,
          "value": 4665.092088188682
        },
        {
          "quarter": 6,
          "value": 5045.123431948801
        },
        {
          "quarter": 7,
          "value": 12837.17439975352
        },
        {
          "quarter": 8,
          "value": 4885.787715638207
        }
      ]
    },
    "actuals": [
      {
        "quarter": 1,
        "submittedAt": "2024-10-29T23:00:00.000Z",
        "revenue": 51599.5462650577,
        "burn": 170478.3742695262,
        "traction": 668.1093664338354,
        "runwayMonths": 10.15447959134781,
        "narrativeGood": "Strong customer acquisition",
        "narrativeBad": "Higher than expected burn",
        "narrativeHelp": "Need help with hiring"
      }
    ]
  },
  {
    "company": {
      "id": "45a29311-d208-456c-9e36-ce5bdb998fca",
      "name": "EduSpark",
      "sector": "EdTech",
      "stage": "Series A",
      "investmentAmount": 1798725.49953161,
      "currency": "USD",
      "investmentType": "EQUITY",
      "investmentDate": "2024-01-01T00:00:00.000Z",
      "status": "ACTIVE"
    },
    "founders": [
      {
        "name": "Founder 15",
        "email": "founder15@eduspark.com"
      }
    ],
    "forecast": {
      "version": 1,
      "startQuarter": "2024-01-01T00:00:00.000Z",
      "horizonQuarters": 8,
      "revenue": [
        {
          "quarter": 1,
          "value": 14364.39291359876
        },
        {
          "quarter": 2,
          "value": 18619.39443342941
        },
        {
          "quarter": 3,
          "value": 25923.8268108812
        },
        {
          "quarter": 4,
          "value": 26134.4384260255
        },
        {
          "quarter": 5,
          "value": 37410.88053797922
        },
        {
          "quarter": 6,
          "value": 47799.92017861128
        },
        {
          "quarter": 7,
          "value": 97768.39191198042
        },
        {
          "quarter": 8,
          "value": 215063.1259300118
        }
      ],
      "burn": [
        {
          "quarter": 1,
          "value": 147761.0705519648
        },
        {
          "quarter": 2,
          "value": 160295.8706481317
        },
        {
          "quarter": 3,
          "value": 176194.0279100596
        },
        {
          "quarter": 4,
          "value": 200305.47213073
        },
        {
          "quarter": 5,
          "value": 255340.2939028789
        },
        {
          "quarter": 6,
          "value": 212099.9205043431
        },
        {
          "quarter": 7,
          "value": 292310.3005111498
        },
        {
          "quarter": 8,
          "value": 331779.8699483756
        }
      ],
      "traction": [
        {
          "quarter": 1,
          "value": 956.8843860421033
        },
        {
          "quarter": 2,
          "value": 1286.93032093618
        },
        {
          "quarter": 3,
          "value": 1788.839857880341
        },
        {
          "quarter": 4,
          "value": 2870.846820592842
        },
        {
          "quarter": 5,
          "value": 6252.095093517742
        },
        {
          "quarter": 6,
          "value": 12296.98976112805
        },
        {
          "quarter": 7,
          "value": 6827.465085859024
        },
        {
          "quarter": 8,
          "value": 26847.92018934397
        }
      ]
    },
    "actuals": [
      {
        "quarter": 1,
        "submittedAt": "2024-03-31T00:00:00.000Z",
        "revenue": 17807.73121444993,
        "burn": 192394.1167471221,
        "traction": 1186.262451357065,
        "runwayMonths": 8.554645250003132,
        "narrativeGood": "Strong customer acquisition",
        "narrativeBad": "Higher than expected burn",
        "narrativeHelp": "Need help with hiring"
      },
      {
        "quarter": 2,
        "submittedAt": "2024-06-29T00:00:00.000Z",
        "revenue": 18554.48923091015,
        "burn": 182097.1071315324,
        "traction": 1282.444220520445,
        "runwayMonths": 7.448556442643524,
        "narrativeGood": "Strong customer acquisition",
        "narrativeBad": "Higher than expected burn",
        "narrativeHelp": "Need help with hiring"
      },
      {
        "quarter": 3,
        "submittedAt": "2024-09-27T00:00:00.000Z",
        "revenue": 20355.01639374195,
        "burn": 243673.4131292202,
        "traction": 1404.571358178104,
        "runwayMonths": 4.597477813014135,
        "narrativeGood": "Strong customer acquisition",
        "narrativeBad": "Higher than expected burn",
        "narrativeHelp": "Need help with hiring"
      },
      {
        "quarter": 4,
        "submittedAt": "2024-12-26T00:00:00.000Z",
        "revenue": 25265.56591242213,
        "burn": 273673.4732864727,
        "traction": 2775.401881141044,
        "runwayMonths": 14.73689372193251,
        "narrativeGood": "Strong customer acquisition",
        "narrativeBad": "Higher than expected burn",
        "narrativeHelp": "Need help with hiring"
      }
    ]
  },
  {
    "company": {
      "id": "ba522d06-8c39-4b54-a07c-c3385412485f",
      "name": "EduSpark",
      "sector": "EdTech",
      "stage": "Series A",
      "investmentAmount": 1010406.230311477,
      "currency": "USD",
      "investmentType": "EQUITY",
      "investmentDate": "2024-09-30T23:00:00.000Z",
      "status": "ACTIVE"
    },
    "founders": [
      {
        "name": "Founder 15",
        "email": "founder15@eduspark.com"
      }
    ],
    "forecast": {
      "version": 1,
      "startQuarter": "2024-09-30T23:00:00.000Z",
      "horizonQuarters": 8,
      "revenue": [
        {
          "quarter": 1,
          "value": 35713.73616677645
        },
        {
          "quarter": 2,
          "value": 48835.45885874519
        },
        {
          "quarter": 3,
          "value": 57057.49848157804
        },
        {
          "quarter": 4,
          "value": 102216.9907233708
        },
        {
          "quarter": 5,
          "value": 94666.65713168085
        },
        {
          "quarter": 6,
          "value": 145988.8843129155
        },
        {
          "quarter": 7,
          "value": 145498.5288805246
        },
        {
          "quarter": 8,
          "value": 314258.4442781815
        }
      ],
      "burn": [
        {
          "quarter": 1,
          "value": 74930.7923236087
        },
        {
          "quarter": 2,
          "value": 86126.56602118786
        },
        {
          "quarter": 3,
          "value": 94522.46425389193
        },
        {
          "quarter": 4,
          "value": 91618.3451409802
        },
        {
          "quarter": 5,
          "value": 97555.18394876525
        },
        {
          "quarter": 6,
          "value": 109092.4850484994
        },
        {
          "quarter": 7,
          "value": 142344.1660186606
        },
        {
          "quarter": 8,
          "value": 157069.6721032507
        }
      ],
      "traction": [
        {
          "quarter": 1,
          "value": 847.0268026379387
        },
        {
          "quarter": 2,
          "value": 1164.140643720464
        },
        {
          "quarter": 3,
          "value": 1534.230584497085
        },
        {
          "quarter": 4,
          "value": 2474.182723627109
        },
        {
          "quarter": 5,
          "value": 3336.410806245399
        },
        {
          "quarter": 6,
          "value": 8350.20430887183
        },
        {
          "quarter": 7,
          "value": 7618.533457525154
        },
        {
          "quarter": 8,
          "value": 10673.69107018545
        }
      ]
    },
    "actuals": [
      {
        "quarter": 1,
        "submittedAt": "2024-12-29T23:00:00.000Z",
        "revenue": 32582.97336923326,
        "burn": 95550.6119795483,
        "traction": 772.7741400255135,
        "runwayMonths": 3.642262002541063,
        "narrativeGood": "Strong customer acquisition",
        "narrativeBad": "Higher than expected burn",
        "narrativeHelp": "Need help with hiring"
      },
      {
        "quarter": 2,
        "submittedAt": "2025-03-29T23:00:00.000Z",
        "revenue": 61820.99139196565,
        "burn": 78920.71496923671,
        "traction": 1473.69002762206,
        "runwayMonths": 8.27817203380031,
        "narrativeGood": "Strong customer acquisition",
        "narrativeBad": "Higher than expected burn",
        "narrativeHelp": "Need help with hiring"
      },
      {
        "quarter": 3,
        "submittedAt": "2025-06-27T23:00:00.000Z",
        "revenue": 54903.94512096465,
        "burn": 118316.5621095359,
        "traction": 1476.323253837184,
        "runwayMonths": 7.6970610235092,
        "narrativeGood": "Strong customer acquisition",
        "narrativeBad": "Higher than expected burn",
        "narrativeHelp": "Need help with hiring"
      },
      {
        "quarter": 4,
        "submittedAt": "2025-09-25T23:00:00.000Z",
        "revenue": 107502.1887758595,
        "burn": 106683.4675959977,
        "traction": 2602.112000549418,
        "runwayMonths": 8.86030256893975,
        "narrativeGood": "Strong customer acquisition",
        "narrativeBad": "Higher than expected burn",
        "narrativeHelp": "Need help with hiring"
      }
    ]
  },
  {
    "company": {
      "id": "322d3984-6ea8-4ba8-8609-8012189012a5",
      "name": "EduSpark",
      "sector": "EdTech",
      "stage": "Series A",
      "investmentAmount": 1239468.096707555,
      "currency": "USD",
      "investmentType": "EQUITY",
      "investmentDate": "2024-05-31T23:00:00.000Z",
      "status": "ACTIVE"
    },
    "founders": [
      {
        "name": "Founder 15",
        "email": "founder15@eduspark.com"
      }
    ],
    "forecast": {
      "version": 1,
      "startQuarter": "2024-05-31T23:00:00.000Z",
      "horizonQuarters": 8,
      "revenue": [
        {
          "quarter": 1,
          "value": 16700.70089529357
        },
        {
          "quarter": 2,
          "value": 23765.44496555105
        },
        {
          "quarter": 3,
          "value": 30082.79576818916
        },
        {
          "quarter": 4,
          "value": 31871.14713451917
        },
        {
          "quarter": 5,
          "value": 48921.13214930976
        },
        {
          "quarter": 6,
          "value": 47719.83665720044
        },
        {
          "quarter": 7,
          "value": 50410.57583133616
        },
        {
          "quarter": 8,
          "value": 62581.87491317127
        }
      ],
      "burn": [
        {
          "quarter": 1,
          "value": 113624.9771475605
        },
        {
          "quarter": 2,
          "value": 120963.6142699494
        },
        {
          "quarter": 3,
          "value": 140691.9187131599
        },
        {
          "quarter": 4,
          "value": 152356.6210927362
        },
        {
          "quarter": 5,
          "value": 165999.9024347951
        },
        {
          "quarter": 6,
          "value": 174368.4794259052
        },
        {
          "quarter": 7,
          "value": 191771.061554883
        },
        {
          "quarter": 8,
          "value": 269277.8464942214
        }
      ],
      "traction": [
        {
          "quarter": 1,
          "value": 735.0275437554824
        },
        {
          "quarter": 2,
          "value": 1113.64293454693
        },
        {
          "quarter": 3,
          "value": 1552.056820736845
        },
        {
          "quarter": 4,
          "value": 2324.442986077144
        },
        {
          "quarter": 5,
          "value": 4900.453859569628
        },
        {
          "quarter": 6,
          "value": 6966.240678235014
        },
        {
          "quarter": 7,
          "value": 6020.304084740047
        },
        {
          "quarter": 8,
          "value": 25686.87396435008
        }
      ]
    },
    "actuals": [
      {
        "quarter": 1,
        "submittedAt": "2024-08-29T23:00:00.000Z",
        "revenue": 13474.75727851413,
        "burn": 113128.543608823,
        "traction": 593.0480287757679,
        "runwayMonths": 12.54693707131631,
        "narrativeGood": "Strong customer acquisition",
        "narrativeBad": "Higher than expected burn",
        "narrativeHelp": "Need help with hiring"
      },
      {
        "quarter": 2,
        "submittedAt": "2024-11-27T23:00:00.000Z",
        "revenue": 16873.6523306517,
        "burn": 138126.029697498,
        "traction": 790.695218426174,
        "runwayMonths": 12.91346675676771,
        "narrativeGood": "Strong customer acquisition",
        "narrativeBad": "Higher than expected burn",
        "narrativeHelp": "Need help with hiring"
      }
    ]
  },
  {
    "company": {
      "id": "f3981dca-c5e1-4c9b-9982-ed5d9137e88d",
      "name": "FinTech Hub",
      "sector": "Fintech",
      "stage": "Seed",
      "investmentAmount": 631195.7877729756,
      "currency": "USD",
      "investmentType": "SAFE",
      "investmentDate": "2024-12-01T00:00:00.000Z",
      "status": "ACTIVE"
    },
    "founders": [
      {
        "name": "Founder 10",
        "email": "founder10@fintechhub.com"
      }
    ],
    "forecast": {
      "version": 1,
      "startQuarter": "2024-12-01T00:00:00.000Z",
      "horizonQuarters": 8,
      "revenue": [
        {
          "quarter": 1,
          "value": 58779.02280400749
        },
        {
          "quarter": 2,
          "value": 87476.60552332956
        },
        {
          "quarter": 3,
          "value": 106132.8230832721
        },
        {
          "quarter": 4,
          "value": 110693.5623775282
        },
        {
          "quarter": 5,
          "value": 146531.9188455367
        },
        {
          "quarter": 6,
          "value": 396660.4143971074
        },
        {
          "quarter": 7,
          "value": 352054.7735869501
        },
        {
          "quarter": 8,
          "value": 799491.1522109902
        }
      ],
      "burn": [
        {
          "quarter": 1,
          "value": 52622.54563864788
        },
        {
          "quarter": 2,
          "value": 57115.07007758015
        },
        {
          "quarter": 3,
          "value": 63813.57205760371
        },
        {
          "quarter": 4,
          "value": 66191.46189277402
        },
        {
          "quarter": 5,
          "value": 72590.01475957493
        },
        {
          "quarter": 6,
          "value": 68788.77827085323
        },
        {
          "quarter": 7,
          "value": 114348.3667243452
        },
        {
          "quarter": 8,
          "value": 128089.9236766894
        }
      ],
      "traction": [
        {
          "quarter": 1,
          "value": 337.1037917832281
        },
        {
          "quarter": 2,
          "value": 463.4730993480613
        },
        {
          "quarter": 3,
          "value": 938.2365892247309
        },
        {
          "quarter": 4,
          "value": 1062.244086638428
        },
        {
          "quarter": 5,
          "value": 1952.8227465989
        },
        {
          "quarter": 6,
          "value": 1717.131621758027
        },
        {
          "quarter": 7,
          "value": 3063.756785299109
        },
        {
          "quarter": 8,
          "value": 8277.207449406807
        }
      ]
    },
    "actuals": [
      {
        "quarter": 1,
        "submittedAt": "2025-03-01T00:00:00.000Z",
        "revenue": 80931.34627659278,
        "burn": 67480.46141310199,
        "traction": 464.1496643271993,
        "runwayMonths": 9.390234517141444,
        "narrativeGood": "Strong customer acquisition",
        "narrativeBad": "Higher than expected burn",
        "narrativeHelp": "Need help with hiring"
      },
      {
        "quarter": 2,
        "submittedAt": "2025-05-30T00:00:00.000Z",
        "revenue": 85696.3265837181,
        "burn": 66666.63446736669,
        "traction": 454.0407329123775,
        "runwayMonths": 10.99531367746012,
        "narrativeGood": "Strong customer acquisition",
        "narrativeBad": "Higher than expected burn",
        "narrativeHelp": "Need help with hiring"
      }
    ]
  },
  {
    "company": {
      "id": "cc829d24-e7a5-4972-9724-bef80233c08f",
      "name": "FinTech Hub",
      "sector": "Fintech",
      "stage": "Seed",
      "investmentAmount": 2328856.768720306,
      "currency": "USD",
      "investmentType": "SAFE",
      "investmentDate": "2024-03-01T00:00:00.000Z",
      "status": "ACTIVE"
    },
    "founders": [
      {
        "name": "Founder 10",
        "email": "founder10@fintechhub.com"
      }
    ],
    "forecast": {
      "version": 1,
      "startQuarter": "2024-03-01T00:00:00.000Z",
      "horizonQuarters": 8,
      "revenue": [
        {
          "quarter": 1,
          "value": 32890.91151118599
        },
        {
          "quarter": 2,
          "value": 46011.02336312878
        },
        {
          "quarter": 3,
          "value": 51693.87000426317
        },
        {
          "quarter": 4,
          "value": 91095.25465151045
        },
        {
          "quarter": 5,
          "value": 97184.3262795254
        },
        {
          "quarter": 6,
          "value": 177085.662195986
        },
        {
          "quarter": 7,
          "value": 104074.9038613755
        },
        {
          "quarter": 8,
          "value": 150462.3596663488
        }
      ],
      "burn": [
        {
          "quarter": 1,
          "value": 64026.52723895583
        },
        {
          "quarter": 2,
          "value": 68820.32084050553
        },
        {
          "quarter": 3,
          "value": 71437.11608332128
        },
        {
          "quarter": 4,
          "value": 86868.36372100313
        },
        {
          "quarter": 5,
          "value": 95417.25382784026
        },
        {
          "quarter": 6,
          "value": 104488.5622660892
        },
        {
          "quarter": 7,
          "value": 117895.4367295201
        },
        {
          "quarter": 8,
          "value": 161264.6230161836
        }
      ],
      "traction": [
        {
          "quarter": 1,
          "value": 964.6619969543527
        },
        {
          "quarter": 2,
          "value": 1457.669151455533
        },
        {
          "quarter": 3,
          "value": 2646.718432032052
        },
        {
          "quarter": 4,
          "value": 2363.09168484566
        },
        {
          "quarter": 5,
          "value": 7624.402999190042
        },
        {
          "quarter": 6,
          "value": 13045.49347631185
        },
        {
          "quarter": 7,
          "value": 7516.283680604554
        },
        {
          "quarter": 8,
          "value": 35872.25785127193
        }
      ]
    },
    "actuals": [
      {
        "quarter": 1,
        "submittedAt": "2024-05-30T00:00:00.000Z",
        "revenue": 37658.19051224824,
        "burn": 80264.67968971746,
        "traction": 1104.482168239032,
        "runwayMonths": 11.25815487233958,
        "narrativeGood": "Strong customer acquisition",
        "narrativeBad": "Higher than expected burn",
        "narrativeHelp": "Need help with hiring"
      }
    ]
  },
  {
    "company": {
      "id": "fdaf9b4f-7c4d-40e9-bc6c-1368d13cdabc",
      "name": "FinTech Hub",
      "sector": "Fintech",
      "stage": "Seed",
      "investmentAmount": 2422106.224082693,
      "currency": "USD",
      "investmentType": "SAFE",
      "investmentDate": "2024-06-30T23:00:00.000Z",
      "status": "ACTIVE"
    },
    "founders": [
      {
        "name": "Founder 10",
        "email": "founder10@fintechhub.com"
      }
    ],
    "forecast": {
      "version": 1,
      "startQuarter": "2024-06-30T23:00:00.000Z",
      "horizonQuarters": 8,
      "revenue": [
        {
          "quarter": 1,
          "value": 39299.1514249505
        },
        {
          "quarter": 2,
          "value": 51616.06238986503
        },
        {
          "quarter": 3,
          "value": 82610.58361704019
        },
        {
          "quarter": 4,
          "value": 93168.72702605175
        },
        {
          "quarter": 5,
          "value": 185757.2867499104
        },
        {
          "quarter": 6,
          "value": 179138.8360498909
        },
        {
          "quarter": 7,
          "value": 242223.9300323992
        },
        {
          "quarter": 8,
          "value": 665477.4671066564
        }
      ],
      "burn": [
        {
          "quarter": 1,
          "value": 97123.4249446597
        },
        {
          "quarter": 2,
          "value": 106389.9590480511
        },
        {
          "quarter": 3,
          "value": 124075.6858465388
        },
        {
          "quarter": 4,
          "value": 146522.1125419122
        },
        {
          "quarter": 5,
          "value": 164024.431240596
        },
        {
          "quarter": 6,
          "value": 134427.1384566905
        },
        {
          "quarter": 7,
          "value": 204355.1048791774
        },
        {
          "quarter": 8,
          "value": 187758.0425943634
        }
      ],
      "traction": [
        {
          "quarter": 1,
          "value": 1064.052330899679
        },
        {
          "quarter": 2,
          "value": 1543.705722382623
        },
        {
          "quarter": 3,
          "value": 1918.341828812214
        },
        {
          "quarter": 4,
          "value": 3606.339702328269
        },
        {
          "quarter": 5,
          "value": 5027.53793560123
        },
        {
          "quarter": 6,
          "value": 10538.09716814699
        },
        {
          "quarter": 7,
          "value": 13774.47811991438
        },
        {
          "quarter": 8,
          "value": 18856.24124120234
        }
      ]
    },
    "actuals": [
      {
        "quarter": 1,
        "submittedAt": "2024-09-28T23:00:00.000Z",
        "revenue": 49746.42707291411,
        "burn": 89722.14735100305,
        "traction": 1346.919711026097,
        "runwayMonths": 13.43881706646307,
        "narrativeGood": "Strong customer acquisition",
        "narrativeBad": "Higher than expected burn",
        "narrativeHelp": "Need help with hiring"
      },
      {
        "quarter": 2,
        "submittedAt": "2024-12-27T23:00:00.000Z",
        "revenue": 39143.64529579377,
        "burn": 147983.3411643818,
        "traction": 1170.687310117197,
        "runwayMonths": 9.09872717361518,
        "narrativeGood": "Strong customer acquisition",
        "narrativeBad": "Higher than expected burn",
        "narrativeHelp": "Need help with hiring"
      },
      {
        "quarter": 3,
        "submittedAt": "2025-03-27T23:00:00.000Z",
        "revenue": 101517.942041683,
        "burn": 114934.0329926448,
        "traction": 2357.399089398565,
        "runwayMonths": 7.284819061982853,
        "narrativeGood": "Strong customer acquisition",
        "narrativeBad": "Higher than expected burn",
        "narrativeHelp": "Need help with hiring"
      },
      {
        "quarter": 4,
        "submittedAt": "2025-06-25T23:00:00.000Z",
        "revenue": 97319.50254420217,
        "burn": 139286.4761883424,
        "traction": 3767.006344713244,
        "runwayMonths": 3.761185926875921,
        "narrativeGood": "Strong customer acquisition",
        "narrativeBad": "Higher than expected burn",
        "narrativeHelp": "Need help with hiring"
      }
    ]
  },
  {
    "company": {
      "id": "6113dd1b-f9ce-4e84-a947-438245ac7d68",
      "name": "GreenEnergy Co",
      "sector": "ClimateTech",
      "stage": "Seed",
      "investmentAmount": 1235945.720108537,
      "currency": "USD",
      "investmentType": "EQUITY",
      "investmentDate": "2024-01-01T00:00:00.000Z",
      "status": "ACTIVE"
    },
    "founders": [
      {
        "name": "Founder 6",
        "email": "founder6@greenenergyco.com"
      }
    ],
    "forecast": {
      "version": 1,
      "startQuarter": "2024-01-01T00:00:00.000Z",
      "horizonQuarters": 8,
      "revenue": [
        {
          "quarter": 1,
          "value": 52450.64586026272
        },
        {
          "quarter": 2,
          "value": 73892.70273918641
        },
        {
          "quarter": 3,
          "value": 91736.40372386243
        },
        {
          "quarter": 4,
          "value": 126917.0958149543
        },
        {
          "quarter": 5,
          "value": 215845.4912041825
        },
        {
          "quarter": 6,
          "value": 295497.1193338061
        },
        {
          "quarter": 7,
          "value": 181480.7299526824
        },
        {
          "quarter": 8,
          "value": 203348.830689711
        }
      ],
      "burn": [
        {
          "quarter": 1,
          "value": 122529.6070445686
        },
        {
          "quarter": 2,
          "value": 140125.1111140998
        },
        {
          "quarter": 3,
          "value": 140271.8927430619
        },
        {
          "quarter": 4,
          "value": 171378.3166463147
        },
        {
          "quarter": 5,
          "value": 172883.9788718311
        },
        {
          "quarter": 6,
          "value": 180604.4271296639
        },
        {
          "quarter": 7,
          "value": 179190.2878321764
        },
        {
          "quarter": 8,
          "value": 304727.1284393303
        }
      ],
      "traction": [
        {
          "quarter": 1,
          "value": 535.3659225198321
        },
        {
          "quarter": 2,
          "value": 878.6698903974041
        },
        {
          "quarter": 3,
          "value": 1409.200035137207
        },
        {
          "quarter": 4,
          "value": 1341.318899509822
        },
        {
          "quarter": 5,
          "value": 3483.805415144441
        },
        {
          "quarter": 6,
          "value": 2636.599139333656
        },
        {
          "quarter": 7,
          "value": 9739.7969473421
        },
        {
          "quarter": 8,
          "value": 9475.62242736039
        }
      ]
    },
    "actuals": [
      {
        "quarter": 1,
        "submittedAt": "2024-03-31T00:00:00.000Z",
        "revenue": 43081.12845671677,
        "burn": 152409.0322416683,
        "traction": 439.7308689176556,
        "runwayMonths": 3.188949034696418,
        "narrativeGood": "Strong customer acquisition",
        "narrativeBad": "Higher than expected burn",
        "narrativeHelp": "Need help with hiring"
      },
      {
        "quarter": 2,
        "submittedAt": "2024-06-29T00:00:00.000Z",
        "revenue": 52967.70435283634,
        "burn": 177458.1796442472,
        "traction": 629.8474037765484,
        "runwayMonths": 7.291298062233533,
        "narrativeGood": "Strong customer acquisition",
        "narrativeBad": "Higher than expected burn",
        "narrativeHelp": "Need help with hiring"
      },
      {
        "quarter": 3,
        "submittedAt": "2024-09-27T00:00:00.000Z",
        "revenue": 60885.04033925998,
        "burn": 163273.6969833746,
        "traction": 935.2797526670143,
        "runwayMonths": 5.650775915586961,
        "narrativeGood": "Strong customer acquisition",
        "narrativeBad": "Higher than expected burn",
        "narrativeHelp": "Need help with hiring"
      },
      {
        "quarter": 4,
        "submittedAt": "2024-12-26T00:00:00.000Z",
        "revenue": 124414.9922306761,
        "burn": 224703.1111327277,
        "traction": 1314.875505067383,
        "runwayMonths": 6.852930983531135,
        "narrativeGood": "Strong customer acquisition",
        "narrativeBad": "Higher than expected burn",
        "narrativeHelp": "Need help with hiring"
      }
    ]
  },
  {
    "company": {
      "id": "ab2fb005-29bc-4681-a525-7da6ce8b0429",
      "name": "GreenEnergy Co",
      "sector": "ClimateTech",
      "stage": "Seed",
      "investmentAmount": 2368204.333958566,
      "currency": "USD",
      "investmentType": "EQUITY",
      "investmentDate": "2024-11-01T00:00:00.000Z",
      "status": "ACTIVE"
    },
    "founders": [
      {
        "name": "Founder 6",
        "email": "founder6@greenenergyco.com"
      }
    ],
    "forecast": {
      "version": 1,
      "startQuarter": "2024-11-01T00:00:00.000Z",
      "horizonQuarters": 8,
      "revenue": [
        {
          "quarter": 1,
          "value": 41029.54365966491
        },
        {
          "quarter": 2,
          "value": 53337.38524424464
        },
        {
          "quarter": 3,
          "value": 62076.9741339734
        },
        {
          "quarter": 4,
          "value": 89912.85910112607
        },
        {
          "quarter": 5,
          "value": 161269.3555701279
        },
        {
          "quarter": 6,
          "value": 105814.763279396
        },
        {
          "quarter": 7,
          "value": 299784.8703143915
        },
        {
          "quarter": 8,
          "value": 148590.8041064578
        }
      ],
      "burn": [
        {
          "quarter": 1,
          "value": 84080.07803669292
        },
        {
          "quarter": 2,
          "value": 94011.36806326656
        },
        {
          "quarter": 3,
          "value": 102964.6986401415
        },
        {
          "quarter": 4,
          "value": 127635.0797982594
        },
        {
          "quarter": 5,
          "value": 115884.0022632414
        },
        {
          "quarter": 6,
          "value": 133884.4172145435
        },
        {
          "quarter": 7,
          "value": 150467.4616850663
        },
        {
          "quarter": 8,
          "value": 143146.921855304
        }
      ],
      "traction": [
        {
          "quarter": 1,
          "value": 175.1158107137938
        },
        {
          "quarter": 2,
          "value": 283.2684245830928
        },
        {
          "quarter": 3,
          "value": 314.8158289778875
        },
        {
          "quarter": 4,
          "value": 519.178397912307
        },
        {
          "quarter": 5,
          "value": 621.5855949672233
        },
        {
          "quarter": 6,
          "value": 1178.926300990068
        },
        {
          "quarter": 7,
          "value": 1390.633751563264
        },
        {
          "quarter": 8,
          "value": 5377.250606317309
        }
      ]
    },
    "actuals": [
      {
        "quarter": 1,
        "submittedAt": "2025-01-30T00:00:00.000Z",
        "revenue": 30042.43119646453,
        "burn": 99398.46855661788,
        "traction": 128.222354565306,
        "runwayMonths": 4.150867417765623,
        "narrativeGood": "Strong customer acquisition",
        "narrativeBad": "Higher than expected burn",
        "narrativeHelp": "Need help with hiring"
      },
      {
        "quarter": 2,
        "submittedAt": "2025-04-30T00:00:00.000Z",
        "revenue": 45340.60692863772,
        "burn": 96685.60283110286,
        "traction": 240.7984987547238,
        "runwayMonths": 12.15364669173206,
        "narrativeGood": "Strong customer acquisition",
        "narrativeBad": "Higher than expected burn",
        "narrativeHelp": "Need help with hiring"
      }
    ]
  },
  {
    "company": {
      "id": "3771cf9a-cea0-4d37-af80-c3c059e5df81",
      "name": "GreenEnergy Co",
      "sector": "ClimateTech",
      "stage": "Seed",
      "investmentAmount": 1351085.161712085,
      "currency": "USD",
      "investmentType": "EQUITY",
      "investmentDate": "2024-03-01T00:00:00.000Z",
      "status": "ACTIVE"
    },
    "founders": [
      {
        "name": "Founder 6",
        "email": "founder6@greenenergyco.com"
      }
    ],
    "forecast": {
      "version": 1,
      "startQuarter": "2024-03-01T00:00:00.000Z",
      "horizonQuarters": 8,
      "revenue": [
        {
          "quarter": 1,
          "value": 33893.82229566673
        },
        {
          "quarter": 2,
          "value": 42798.39792946374
        },
        {
          "quarter": 3,
          "value": 50558.20336441882
        },
        {
          "quarter": 4,
          "value": 88929.12900728566
        },
        {
          "quarter": 5,
          "value": 70995.49553553385
        },
        {
          "quarter": 6,
          "value": 105841.5827937642
        },
        {
          "quarter": 7,
          "value": 200947.1895906642
        },
        {
          "quarter": 8,
          "value": 174126.3503009061
        }
      ],
      "burn": [
        {
          "quarter": 1,
          "value": 141787.024370051
        },
        {
          "quarter": 2,
          "value": 150187.7227601401
        },
        {
          "quarter": 3,
          "value": 183468.3383324406
        },
        {
          "quarter": 4,
          "value": 190156.532830674
        },
        {
          "quarter": 5,
          "value": 185746.8812040169
        },
        {
          "quarter": 6,
          "value": 188131.7168059255
        },
        {
          "quarter": 7,
          "value": 225237.3919966848
        },
        {
          "quarter": 8,
          "value": 317593.9708892414
        }
      ],
      "traction": [
        {
          "quarter": 1,
          "value": 421.0743379862811
        },
        {
          "quarter": 2,
          "value": 714.3004144601337
        },
        {
          "quarter": 3,
          "value": 1017.673389028109
        },
        {
          "quarter": 4,
          "value": 1990.184300409766
        },
        {
          "quarter": 5,
          "value": 2762.383600465086
        },
        {
          "quarter": 6,
          "value": 2036.938032472676
        },
        {
          "quarter": 7,
          "value": 9234.142594658962
        },
        {
          "quarter": 8,
          "value": 6722.869871752288
        }
      ]
    },
    "actuals": [
      {
        "quarter": 1,
        "submittedAt": "2024-05-30T00:00:00.000Z",
        "revenue": 40833.09984048978,
        "burn": 127701.5839730077,
        "traction": 507.2833135571184,
        "runwayMonths": 3.773305634041689,
        "narrativeGood": "Strong customer acquisition",
        "narrativeBad": "Higher than expected burn",
        "narrativeHelp": "Need help with hiring"
      },
      {
        "quarter": 2,
        "submittedAt": "2024-08-28T00:00:00.000Z",
        "revenue": 40087.64748927034,
        "burn": 184171.2949679298,
        "traction": 669.05829660985,
        "runwayMonths": 9.69454659374438,
        "narrativeGood": "Strong customer acquisition",
        "narrativeBad": "Higher than expected burn",
        "narrativeHelp": "Need help with hiring"
      },
      {
        "quarter": 3,
        "submittedAt": "2024-11-26T00:00:00.000Z",
        "revenue": 69367.52401668947,
        "burn": 179094.7768510467,
        "traction": 1396.281484642994,
        "runwayMonths": 3.344920404230978,
        "narrativeGood": "Strong customer acquisition",
        "narrativeBad": "Higher than expected burn",
        "narrativeHelp": "Need help with hiring"
      }
    ]
  },
  {
    "company": {
      "id": "9fdec082-0714-424a-8e8a-7f805c5055ea",
      "name": "HealthFirst",
      "sector": "Healthcare",
      "stage": "Series A",
      "investmentAmount": 1763154.152710971,
      "currency": "USD",
      "investmentType": "CLN",
      "investmentDate": "2024-01-01T00:00:00.000Z",
      "status": "ACTIVE"
    },
    "founders": [
      {
        "name": "Founder 11",
        "email": "founder11@healthfirst.com"
      }
    ],
    "forecast": {
      "version": 1,
      "startQuarter": "2024-01-01T00:00:00.000Z",
      "horizonQuarters": 8,
      "revenue": [
        {
          "quarter": 1,
          "value": 40974.91975176911
        },
        {
          "quarter": 2,
          "value": 51718.09744375853
        },
        {
          "quarter": 3,
          "value": 69240.33545131527
        },
        {
          "quarter": 4,
          "value": 79376.97934820924
        },
        {
          "quarter": 5,
          "value": 141763.0886872761
        },
        {
          "quarter": 6,
          "value": 294933.7980915593
        },
        {
          "quarter": 7,
          "value": 200583.7440317554
        },
        {
          "quarter": 8,
          "value": 456267.1480251446
        }
      ],
      "burn": [
        {
          "quarter": 1,
          "value": 64300.87930054024
        },
        {
          "quarter": 2,
          "value": 72929.83308224603
        },
        {
          "quarter": 3,
          "value": 73922.81911641404
        },
        {
          "quarter": 4,
          "value": 78152.82160379345
        },
        {
          "quarter": 5,
          "value": 88106.9394023173
        },
        {
          "quarter": 6,
          "value": 96317.7588168517
        },
        {
          "quarter": 7,
          "value": 93327.9586081089
        },
        {
          "quarter": 8,
          "value": 122857.9636165926
        }
      ],
      "traction": [
        {
          "quarter": 1,
          "value": 214.2272535779034
        },
        {
          "quarter": 2,
          "value": 332.9571037248698
        },
        {
          "quarter": 3,
          "value": 380.0613870778241
        },
        {
          "quarter": 4,
          "value": 683.9985049334639
        },
        {
          "quarter": 5,
          "value": 1231.626756480177
        },
        {
          "quarter": 6,
          "value": 1835.363806758404
        },
        {
          "quarter": 7,
          "value": 4061.881639809218
        },
        {
          "quarter": 8,
          "value": 1364.029099390517
        }
      ]
    },
    "actuals": [
      {
        "quarter": 1,
        "submittedAt": "2024-03-31T00:00:00.000Z",
        "revenue": 41993.48347513212,
        "burn": 69309.80010897496,
        "traction": 219.5525625808752,
        "runwayMonths": 3.046255388018728,
        "narrativeGood": "Strong customer acquisition",
        "narrativeBad": "Higher than expected burn",
        "narrativeHelp": "Need help with hiring"
      },
      {
        "quarter": 2,
        "submittedAt": "2024-06-29T00:00:00.000Z",
        "revenue": 57825.78150337422,
        "burn": 70696.21856377776,
        "traction": 372.2779004182836,
        "runwayMonths": 8.210779540630828,
        "narrativeGood": "Strong customer acquisition",
        "narrativeBad": "Higher than expected burn",
        "narrativeHelp": "Need help with hiring"
      },
      {
        "quarter": 3,
        "submittedAt": "2024-09-27T00:00:00.000Z",
        "revenue": 68385.3185100033,
        "burn": 75592.5429189745,
        "traction": 375.3681844442443,
        "runwayMonths": 10.23043849098805,
        "narrativeGood": "Strong customer acquisition",
        "narrativeBad": "Higher than expected burn",
        "narrativeHelp": "Need help with hiring"
      },
      {
        "quarter": 4,
        "submittedAt": "2024-12-26T00:00:00.000Z",
        "revenue": 60908.80196117434,
        "burn": 97470.9167927009,
        "traction": 524.8565745487967,
        "runwayMonths": 9.763528458938756,
        "narrativeGood": "Strong customer acquisition",
        "narrativeBad": "Higher than expected burn",
        "narrativeHelp": "Need help with hiring"
      }
    ]
  },
  {
    "company": {
      "id": "d56f3b5b-0e2d-4292-a953-da18188c0d2a",
      "name": "HealthFirst",
      "sector": "Healthcare",
      "stage": "Series A",
      "investmentAmount": 726482.6538621738,
      "currency": "USD",
      "investmentType": "CLN",
      "investmentDate": "2024-08-31T23:00:00.000Z",
      "status": "ACTIVE"
    },
    "founders": [
      {
        "name": "Founder 11",
        "email": "founder11@healthfirst.com"
      }
    ],
    "forecast": {
      "version": 1,
      "startQuarter": "2024-08-31T23:00:00.000Z",
      "horizonQuarters": 8,
      "revenue": [
        {
          "quarter": 1,
          "value": 15114.63682989578
        },
        {
          "quarter": 2,
          "value": 21693.3024285356
        },
        {
          "quarter": 3,
          "value": 33956.34949283709
        },
        {
          "quarter": 4,
          "value": 33886.97701266462
        },
        {
          "quarter": 5,
          "value": 48159.7908517894
        },
        {
          "quarter": 6,
          "value": 72722.75547121867
        },
        {
          "quarter": 7,
          "value": 55445.45489247124
        },
        {
          "quarter": 8,
          "value": 138768.1386208878
        }
      ],
      "burn": [
        {
          "quarter": 1,
          "value": 128805.3452225599
        },
        {
          "quarter": 2,
          "value": 143992.2103406326
        },
        {
          "quarter": 3,
          "value": 167745.9522872952
        },
        {
          "quarter": 4,
          "value": 193777.6456250051
        },
        {
          "quarter": 5,
          "value": 219515.2684944022
        },
        {
          "quarter": 6,
          "value": 199530.3728056447
        },
        {
          "quarter": 7,
          "value": 210585.2029020582
        },
        {
          "quarter": 8,
          "value": 239994.4736352267
        }
      ],
      "traction": [
        {
          "quarter": 1,
          "value": 1015.408876626885
        },
        {
          "quarter": 2,
          "value": 1496.949768211938
        },
        {
          "quarter": 3,
          "value": 2112.064852433706
        },
        {
          "quarter": 4,
          "value": 4487.671637776974
        },
        {
          "quarter": 5,
          "value": 7880.907167683715
        },
        {
          "quarter": 6,
          "value": 7204.873322104086
        },
        {
          "quarter": 7,
          "value": 14800.07426928528
        },
        {
          "quarter": 8,
          "value": 11213.04068401131
        }
      ]
    },
    "actuals": [
      {
        "quarter": 1,
        "submittedAt": "2024-11-29T23:00:00.000Z",
        "revenue": 13102.15169670146,
        "burn": 149160.0755908105,
        "traction": 880.2091168626774,
        "runwayMonths": 4.699863850505235,
        "narrativeGood": "Strong customer acquisition",
        "narrativeBad": "Higher than expected burn",
        "narrativeHelp": "Need help with hiring"
      }
    ]
  },
  {
    "company": {
      "id": "605cbbc4-5c85-4deb-8f3f-3549cbd199f0",
      "name": "HealthFirst",
      "sector": "Healthcare",
      "stage": "Series A",
      "investmentAmount": 2020196.62713556,
      "currency": "USD",
      "investmentType": "CLN",
      "investmentDate": "2024-09-30T23:00:00.000Z",
      "status": "ACTIVE"
    },
    "founders": [
      {
        "name": "Founder 11",
        "email": "founder11@healthfirst.com"
      }
    ],
    "forecast": {
      "version": 1,
      "startQuarter": "2024-09-30T23:00:00.000Z",
      "horizonQuarters": 8,
      "revenue": [
        {
          "quarter": 1,
          "value": 52574.51169040111
        },
        {
          "quarter": 2,
          "value": 72670.98077580422
        },
        {
          "quarter": 3,
          "value": 108383.8578820643
        },
        {
          "quarter": 4,
          "value": 124635.3561051571
        },
        {
          "quarter": 5,
          "value": 248666.1165147377
        },
        {
          "quarter": 6,
          "value": 197195.1925665288
        },
        {
          "quarter": 7,
          "value": 393796.4995093029
        },
        {
          "quarter": 8,
          "value": 805712.8931556251
        }
      ],
      "burn": [
        {
          "quarter": 1,
          "value": 65268.02212600752
        },
        {
          "quarter": 2,
          "value": 74540.58594931189
        },
        {
          "quarter": 3,
          "value": 80460.51638452953
        },
        {
          "quarter": 4,
          "value": 92255.3919617958
        },
        {
          "quarter": 5,
          "value": 90260.87491895945
        },
        {
          "quarter": 6,
          "value": 127625.1760107095
        },
        {
          "quarter": 7,
          "value": 117914.6804013936
        },
        {
          "quarter": 8,
          "value": 95599.26265359815
        }
      ],
      "traction": [
        {
          "quarter": 1,
          "value": 711.8047238750463
        },
        {
          "quarter": 2,
          "value": 1067.483277718533
        },
        {
          "quarter": 3,
          "value": 1808.799494609873
        },
        {
          "quarter": 4,
          "value": 2353.287200551022
        },
        {
          "quarter": 5,
          "value": 2318.76287054542
        },
        {
          "quarter": 6,
          "value": 3604.562385316704
        },
        {
          "quarter": 7,
          "value": 7450.219872897334
        },
        {
          "quarter": 8,
          "value": 14538.57647838062
        }
      ]
    },
    "actuals": [
      {
        "quarter": 1,
        "submittedAt": "2024-12-29T23:00:00.000Z",
        "revenue": 36548.43841077566,
        "burn": 73470.57709520159,
        "traction": 494.8282023853035,
        "runwayMonths": 8.533699191808381,
        "narrativeGood": "Strong customer acquisition",
        "narrativeBad": "Higher than expected burn",
        "narrativeHelp": "Need help with hiring"
      }
    ]
  },
  {
    "company": {
      "id": "c16b72b0-a60f-4cf6-a606-01675fae79b2",
      "name": "LearnFast",
      "sector": "EdTech",
      "stage": "Series A",
      "investmentAmount": 547966.8440064185,
      "currency": "USD",
      "investmentType": "SAFE",
      "investmentDate": "2024-02-01T00:00:00.000Z",
      "status": "ACTIVE"
    },
    "founders": [
      {
        "name": "Founder 7",
        "email": "founder7@learnfast.com"
      }
    ],
    "forecast": {
      "version": 1,
      "startQuarter": "2024-02-01T00:00:00.000Z",
      "horizonQuarters": 8,
      "revenue": [
        {
          "quarter": 1,
          "value": 40711.02942053477
        },
        {
          "quarter": 2,
          "value": 52129.3923937392
        },
        {
          "quarter": 3,
          "value": 80171.69796763711
        },
        {
          "quarter": 4,
          "value": 81702.0123478407
        },
        {
          "quarter": 5,
          "value": 114427.4470331231
        },
        {
          "quarter": 6,
          "value": 161117.1738854198
        },
        {
          "quarter": 7,
          "value": 137657.8686991882
        },
        {
          "quarter": 8,
          "value": 309775.0055769676
        }
      ],
      "burn": [
        {
          "quarter": 1,
          "value": 52616.16396918578
        },
        {
          "quarter": 2,
          "value": 57202.20526307438
        },
        {
          "quarter": 3,
          "value": 59761.9047860475
        },
        {
          "quarter": 4,
          "value": 65414.32429600243
        },
        {
          "quarter": 5,
          "value": 76170.90130312036
        },
        {
          "quarter": 6,
          "value": 84560.23010742289
        },
        {
          "quarter": 7,
          "value": 113250.8387753251
        },
        {
          "quarter": 8,
          "value": 94078.72597506158
        }
      ],
      "traction": [
        {
          "quarter": 1,
          "value": 104.503798977431
        },
        {
          "quarter": 2,
          "value": 176.4841316520067
        },
        {
          "quarter": 3,
          "value": 271.0044938057424
        },
        {
          "quarter": 4,
          "value": 386.3200012172064
        },
        {
          "quarter": 5,
          "value": 491.1626256074289
        },
        {
          "quarter": 6,
          "value": 901.8505642339545
        },
        {
          "quarter": 7,
          "value": 2220.747034114775
        },
        {
          "quarter": 8,
          "value": 805.0792254060575
        }
      ]
    },
    "actuals": [
      {
        "quarter": 1,
        "submittedAt": "2024-05-01T00:00:00.000Z",
        "revenue": 26813.46327255108,
        "burn": 56002.2417075392,
        "traction": 68.82922921890093,
        "runwayMonths": 13.06021008163209,
        "narrativeGood": "Strong customer acquisition",
        "narrativeBad": "Higher than expected burn",
        "narrativeHelp": "Need help with hiring"
      },
      {
        "quarter": 2,
        "submittedAt": "2024-07-30T00:00:00.000Z",
        "revenue": 40248.52923573095,
        "burn": 54809.43127424638,
        "traction": 136.261452632843,
        "runwayMonths": 14.41252526704093,
        "narrativeGood": "Strong customer acquisition",
        "narrativeBad": "Higher than expected burn",
        "narrativeHelp": "Need help with hiring"
      }
    ]
  },
  {
    "company": {
      "id": "88af0f1e-4af5-4515-b2f4-2511028d5e9d",
      "name": "LearnFast",
      "sector": "EdTech",
      "stage": "Series A",
      "investmentAmount": 1969354.926227065,
      "currency": "USD",
      "investmentType": "SAFE",
      "investmentDate": "2024-12-01T00:00:00.000Z",
      "status": "ACTIVE"
    },
    "founders": [
      {
        "name": "Founder 7",
        "email": "founder7@learnfast.com"
      }
    ],
    "forecast": {
      "version": 1,
      "startQuarter": "2024-12-01T00:00:00.000Z",
      "horizonQuarters": 8,
      "revenue": [
        {
          "quarter": 1,
          "value": 49365.02074760249
        },
        {
          "quarter": 2,
          "value": 65833.65112473199
        },
        {
          "quarter": 3,
          "value": 100251.3362380157
        },
        {
          "quarter": 4,
          "value": 101179.5901447276
        },
        {
          "quarter": 5,
          "value": 245649.6107031676
        },
        {
          "quarter": 6,
          "value": 156876.9145381826
        },
        {
          "quarter": 7,
          "value": 460892.9983703399
        },
        {
          "quarter": 8,
          "value": 802207.8465620524
        }
      ],
      "burn": [
        {
          "quarter": 1,
          "value": 107618.3393945904
        },
        {
          "quarter": 2,
          "value": 119610.1250815165
        },
        {
          "quarter": 3,
          "value": 131445.5018605326
        },
        {
          "quarter": 4,
          "value": 149610.9760541666
        },
        {
          "quarter": 5,
          "value": 139683.2292895016
        },
        {
          "quarter": 6,
          "value": 144699.1158268479
        },
        {
          "quarter": 7,
          "value": 154867.0316659899
        },
        {
          "quarter": 8,
          "value": 206585.6732740326
        }
      ],
      "traction": [
        {
          "quarter": 1,
          "value": 792.1009920223373
        },
        {
          "quarter": 2,
          "value": 1063.809369084453
        },
        {
          "quarter": 3,
          "value": 2125.108778600502
        },
        {
          "quarter": 4,
          "value": 2519.799797436234
        },
        {
          "quarter": 5,
          "value": 3259.383684093067
        },
        {
          "quarter": 6,
          "value": 8309.988469022359
        },
        {
          "quarter": 7,
          "value": 17484.76161822298
        },
        {
          "quarter": 8,
          "value": 9487.59028985473
        }
      ]
    },
    "actuals": [
      {
        "quarter": 1,
        "submittedAt": "2025-03-01T00:00:00.000Z",
        "revenue": 40628.38735181534,
        "burn": 111024.8112383974,
        "traction": 651.91476552157,
        "runwayMonths": 6.123290582027392,
        "narrativeGood": "Strong customer acquisition",
        "narrativeBad": "Higher than expected burn",
        "narrativeHelp": "Need help with hiring"
      },
      {
        "quarter": 2,
        "submittedAt": "2025-05-30T00:00:00.000Z",
        "revenue": 80787.61054651266,
        "burn": 134567.7883783931,
        "traction": 1305.451171810213,
        "runwayMonths": 11.62418896945204,
        "narrativeGood": "Strong customer acquisition",
        "narrativeBad": "Higher than expected burn",
        "narrativeHelp": "Need help with hiring"
      },
      {
        "quarter": 3,
        "submittedAt": "2025-08-28T00:00:00.000Z",
        "revenue": 131414.6711846339,
        "burn": 159837.242173512,
        "traction": 2785.703232008029,
        "runwayMonths": 9.20075337019108,
        "narrativeGood": "Strong customer acquisition",
        "narrativeBad": "Higher than expected burn",
        "narrativeHelp": "Need help with hiring"
      }
    ]
  },
  {
    "company": {
      "id": "d721e218-e223-4941-a13c-85c862fc5e5e",
      "name": "LearnFast",
      "sector": "EdTech",
      "stage": "Series A",
      "investmentAmount": 2174950.830412118,
      "currency": "USD",
      "investmentType": "SAFE",
      "investmentDate": "2024-02-01T00:00:00.000Z",
      "status": "ACTIVE"
    },
    "founders": [
      {
        "name": "Founder 7",
        "email": "founder7@learnfast.com"
      }
    ],
    "forecast": {
      "version": 1,
      "startQuarter": "2024-02-01T00:00:00.000Z",
      "horizonQuarters": 8,
      "revenue": [
        {
          "quarter": 1,
          "value": 16158.28526421078
        },
        {
          "quarter": 2,
          "value": 20574.27421092649
        },
        {
          "quarter": 3,
          "value": 31671.54867751887
        },
        {
          "quarter": 4,
          "value": 31734.57260814858
        },
        {
          "quarter": 5,
          "value": 54902.5590466155
        },
        {
          "quarter": 6,
          "value": 115831.212519484
        },
        {
          "quarter": 7,
          "value": 112015.037901034
        },
        {
          "quarter": 8,
          "value": 245642.135461626
        }
      ],
      "burn": [
        {
          "quarter": 1,
          "value": 84056.78660424531
        },
        {
          "quarter": 2,
          "value": 93575.80065014969
        },
        {
          "quarter": 3,
          "value": 104341.9385370802
        },
        {
          "quarter": 4,
          "value": 122125.3996214724
        },
        {
          "quarter": 5,
          "value": 126289.8130807052
        },
        {
          "quarter": 6,
          "value": 129834.821633457
        },
        {
          "quarter": 7,
          "value": 129731.2642051193
        },
        {
          "quarter": 8,
          "value": 152213.7633033905
        }
      ],
      "traction": [
        {
          "quarter": 1,
          "value": 215.6081357929104
        },
        {
          "quarter": 2,
          "value": 336.0606905753687
        },
        {
          "quarter": 3,
          "value": 474.7993139982498
        },
        {
          "quarter": 4,
          "value": 664.6006968586527
        },
        {
          "quarter": 5,
          "value": 922.445061934523
        },
        {
          "quarter": 6,
          "value": 1305.925296613339
        },
        {
          "quarter": 7,
          "value": 3332.717671327616
        },
        {
          "quarter": 8,
          "value": 7598.75000257232
        }
      ]
    },
    "actuals": [
      {
        "quarter": 1,
        "submittedAt": "2024-05-01T00:00:00.000Z",
        "revenue": 12379.63107190418,
        "burn": 110030.284997484,
        "traction": 165.1876503956262,
        "runwayMonths": 7.193973168140682,
        "narrativeGood": "Strong customer acquisition",
        "narrativeBad": "Higher than expected burn",
        "narrativeHelp": "Need help with hiring"
      },
      {
        "quarter": 2,
        "submittedAt": "2024-07-30T00:00:00.000Z",
        "revenue": 25137.85570553244,
        "burn": 97595.80610999094,
        "traction": 410.6023406404665,
        "runwayMonths": 4.87327002125155,
        "narrativeGood": "Strong customer acquisition",
        "narrativeBad": "Higher than expected burn",
        "narrativeHelp": "Need help with hiring"
      }
    ]
  },
  {
    "company": {
      "id": "9cd44940-2080-4d14-b109-fcb8e384e660",
      "name": "MediConnect",
      "sector": "Healthcare",
      "stage": "Series A",
      "investmentAmount": 1629076.757245604,
      "currency": "USD",
      "investmentType": "SAFE",
      "investmentDate": "2024-01-01T00:00:00.000Z",
      "status": "ACTIVE"
    },
    "founders": [
      {
        "name": "Founder 19",
        "email": "founder19@mediconnect.com"
      }
    ],
    "forecast": {
      "version": 1,
      "startQuarter": "2024-01-01T00:00:00.000Z",
      "horizonQuarters": 8,
      "revenue": [
        {
          "quarter": 1,
          "value": 31817.92833211509
        },
        {
          "quarter": 2,
          "value": 47710.59141833604
        },
        {
          "quarter": 3,
          "value": 48747.65229009919
        },
        {
          "quarter": 4,
          "value": 88923.18695849073
        },
        {
          "quarter": 5,
          "value": 106094.9697520254
        },
        {
          "quarter": 6,
          "value": 83651.47008660174
        },
        {
          "quarter": 7,
          "value": 336253.7966055574
        },
        {
          "quarter": 8,
          "value": 276223.8730478001
        }
      ],
      "burn": [
        {
          "quarter": 1,
          "value": 140529.3048249975
        },
        {
          "quarter": 2,
          "value": 152287.2752664169
        },
        {
          "quarter": 3,
          "value": 185835.1902720857
        },
        {
          "quarter": 4,
          "value": 170943.9964774306
        },
        {
          "quarter": 5,
          "value": 178552.2442513486
        },
        {
          "quarter": 6,
          "value": 239349.8416098235
        },
        {
          "quarter": 7,
          "value": 306607.6910679591
        },
        {
          "quarter": 8,
          "value": 284530.1239642366
        }
      ],
      "traction": [
        {
          "quarter": 1,
          "value": 771.4486049317163
        },
        {
          "quarter": 2,
          "value": 1018.142475832867
        },
        {
          "quarter": 3,
          "value": 1723.572147743685
        },
        {
          "quarter": 4,
          "value": 2960.016267540687
        },
        {
          "quarter": 5,
          "value": 5598.587667650048
        },
        {
          "quarter": 6,
          "value": 3036.371608505201
        },
        {
          "quarter": 7,
          "value": 11101.94200004345
        },
        {
          "quarter": 8,
          "value": 29525.68019703304
        }
      ]
    },
    "actuals": [
      {
        "quarter": 1,
        "submittedAt": "2024-03-31T00:00:00.000Z",
        "revenue": 23808.67118370254,
        "burn": 134674.0889260584,
        "traction": 577.2583927598633,
        "runwayMonths": 4.163109063100492,
        "narrativeGood": "Strong customer acquisition",
        "narrativeBad": "Higher than expected burn",
        "narrativeHelp": "Need help with hiring"
      },
      {
        "quarter": 2,
        "submittedAt": "2024-06-29T00:00:00.000Z",
        "revenue": 44311.86162859175,
        "burn": 198917.5990452186,
        "traction": 945.6136921823824,
        "runwayMonths": 9.478394996442725,
        "narrativeGood": "Strong customer acquisition",
        "narrativeBad": "Higher than expected burn",
        "narrativeHelp": "Need help with hiring"
      }
    ]
  },
  {
    "company": {
      "id": "e4ba9e51-f2a4-41c4-b8f9-61f2de378779",
      "name": "MediConnect",
      "sector": "Healthcare",
      "stage": "Series A",
      "investmentAmount": 970016.2351473367,
      "currency": "USD",
      "investmentType": "SAFE",
      "investmentDate": "2024-09-30T23:00:00.000Z",
      "status": "ACTIVE"
    },
    "founders": [
      {
        "name": "Founder 19",
        "email": "founder19@mediconnect.com"
      }
    ],
    "forecast": {
      "version": 1,
      "startQuarter": "2024-09-30T23:00:00.000Z",
      "horizonQuarters": 8,
      "revenue": [
        {
          "quarter": 1,
          "value": 29361.42183897219
        },
        {
          "quarter": 2,
          "value": 40395.71405198446
        },
        {
          "quarter": 3,
          "value": 64999.34871586389
        },
        {
          "quarter": 4,
          "value": 52357.10108390493
        },
        {
          "quarter": 5,
          "value": 119486.3514841502
        },
        {
          "quarter": 6,
          "value": 115362.2833619448
        },
        {
          "quarter": 7,
          "value": 120235.8877095882
        },
        {
          "quarter": 8,
          "value": 191253.493483755
        }
      ],
      "burn": [
        {
          "quarter": 1,
          "value": 133893.7339801365
        },
        {
          "quarter": 2,
          "value": 142949.3963954042
        },
        {
          "quarter": 3,
          "value": 151691.1455548875
        },
        {
          "quarter": 4,
          "value": 163524.7307493377
        },
        {
          "quarter": 5,
          "value": 228781.4418578125
        },
        {
          "quarter": 6,
          "value": 243555.3709814336
        },
        {
          "quarter": 7,
          "value": 226734.7903791618
        },
        {
          "quarter": 8,
          "value": 320562.5247376495
        }
      ],
      "traction": [
        {
          "quarter": 1,
          "value": 788.0259540773543
        },
        {
          "quarter": 2,
          "value": 1090.057925367817
        },
        {
          "quarter": 3,
          "value": 2130.170483773864
        },
        {
          "quarter": 4,
          "value": 1889.846549315705
        },
        {
          "quarter": 5,
          "value": 5232.065319331384
        },
        {
          "quarter": 6,
          "value": 3216.470508785499
        },
        {
          "quarter": 7,
          "value": 13623.66118760561
        },
        {
          "quarter": 8,
          "value": 18938.51999762586
        }
      ]
    },
    "actuals": [
      {
        "quarter": 1,
        "submittedAt": "2024-12-29T23:00:00.000Z",
        "revenue": 27581.80457831547,
        "burn": 182834.6321031513,
        "traction": 740.2631244224186,
        "runwayMonths": 11.71234879152124,
        "narrativeGood": "Strong customer acquisition",
        "narrativeBad": "Higher than expected burn",
        "narrativeHelp": "Need help with hiring"
      },
      {
        "quarter": 2,
        "submittedAt": "2025-03-29T23:00:00.000Z",
        "revenue": 43599.07506896471,
        "burn": 131015.7383859658,
        "traction": 1176.499003247516,
        "runwayMonths": 3.07027039164692,
        "narrativeGood": "Strong customer acquisition",
        "narrativeBad": "Higher than expected burn",
        "narrativeHelp": "Need help with hiring"
      },
      {
        "quarter": 3,
        "submittedAt": "2025-06-27T23:00:00.000Z",
        "revenue": 90260.80217070165,
        "burn": 146809.2731786168,
        "traction": 2958.043433116038,
        "runwayMonths": 12.30836119004543,
        "narrativeGood": "Strong customer acquisition",
        "narrativeBad": "Higher than expected burn",
        "narrativeHelp": "Need help with hiring"
      }
    ]
  },
  {
    "company": {
      "id": "14b61583-2349-494a-9bc3-dba05cd1e0af",
      "name": "MediConnect",
      "sector": "Healthcare",
      "stage": "Series A",
      "investmentAmount": 2468660.607054795,
      "currency": "USD",
      "investmentType": "SAFE",
      "investmentDate": "2024-07-31T23:00:00.000Z",
      "status": "ACTIVE"
    },
    "founders": [
      {
        "name": "Founder 19",
        "email": "founder19@mediconnect.com"
      }
    ],
    "forecast": {
      "version": 1,
      "startQuarter": "2024-07-31T23:00:00.000Z",
      "horizonQuarters": 8,
      "revenue": [
        {
          "quarter": 1,
          "value": 13812.85823431968
        },
        {
          "quarter": 2,
          "value": 17678.90780595227
        },
        {
          "quarter": 3,
          "value": 20402.09798660008
        },
        {
          "quarter": 4,
          "value": 40698.43472942971
        },
        {
          "quarter": 5,
          "value": 37076.90842290955
        },
        {
          "quarter": 6,
          "value": 87801.56873184866
        },
        {
          "quarter": 7,
          "value": 48322.30448840874
        },
        {
          "quarter": 8,
          "value": 110618.7958081428
        }
      ],
      "burn": [
        {
          "quarter": 1,
          "value": 90634.1659748381
        },
        {
          "quarter": 2,
          "value": 99938.59929439955
        },
        {
          "quarter": 3,
          "value": 110258.2542613657
        },
        {
          "quarter": 4,
          "value": 105847.3423565469
        },
        {
          "quarter": 5,
          "value": 132314.3747137503
        },
        {
          "quarter": 6,
          "value": 166039.4736363862
        },
        {
          "quarter": 7,
          "value": 173574.562476048
        },
        {
          "quarter": 8,
          "value": 182097.0508646238
        }
      ],
      "traction": [
        {
          "quarter": 1,
          "value": 569.3862216847219
        },
        {
          "quarter": 2,
          "value": 832.8158235167359
        },
        {
          "quarter": 3,
          "value": 1110.752664045226
        },
        {
          "quarter": 4,
          "value": 2775.432554643558
        },
        {
          "quarter": 5,
          "value": 2083.796100528599
        },
        {
          "quarter": 6,
          "value": 2301.095901846535
        },
        {
          "quarter": 7,
          "value": 4141.201693953684
        },
        {
          "quarter": 8,
          "value": 22899.96450520584
        }
      ]
    },
    "actuals": [
      {
        "quarter": 1,
        "submittedAt": "2024-10-29T23:00:00.000Z",
        "revenue": 10611.41542992967,
        "burn": 86717.09045889958,
        "traction": 437.4180662596368,
        "runwayMonths": 11.90609347757171,
        "narrativeGood": "Strong customer acquisition",
        "narrativeBad": "Higher than expected burn",
        "narrativeHelp": "Need help with hiring"
      },
      {
        "quarter": 2,
        "submittedAt": "2025-01-27T23:00:00.000Z",
        "revenue": 22554.13327642148,
        "burn": 114602.7960982416,
        "traction": 1062.477347836218,
        "runwayMonths": 10.55999426078676,
        "narrativeGood": "Strong customer acquisition",
        "narrativeBad": "Higher than expected burn",
        "narrativeHelp": "Need help with hiring"
      },
      {
        "quarter": 3,
        "submittedAt": "2025-04-27T23:00:00.000Z",
        "revenue": 20251.00622481648,
        "burn": 100898.6290231368,
        "traction": 1102.526766050488,
        "runwayMonths": 9.166933500611098,
        "narrativeGood": "Strong customer acquisition",
        "narrativeBad": "Higher than expected burn",
        "narrativeHelp": "Need help with hiring"
      },
      {
        "quarter": 4,
        "submittedAt": "2025-07-26T23:00:00.000Z",
        "revenue": 46982.87024642186,
        "burn": 142325.3685324806,
        "traction": 3204.000066818802,
        "runwayMonths": 10.35328789465146,
        "narrativeGood": "Strong customer acquisition",
        "narrativeBad": "Higher than expected burn",
        "narrativeHelp": "Need help with hiring"
      }
    ]
  },
  {
    "company": {
      "id": "7865e90b-2ba0-4dcf-bd76-954c12021b2e",
      "name": "MediTrack",
      "sector": "Healthcare",
      "stage": "Series A",
      "investmentAmount": 1300396.868437428,
      "currency": "USD",
      "investmentType": "EQUITY",
      "investmentDate": "2024-05-31T23:00:00.000Z",
      "status": "ACTIVE"
    },
    "founders": [
      {
        "name": "Founder 3",
        "email": "founder3@meditrack.com"
      }
    ],
    "forecast": {
      "version": 1,
      "startQuarter": "2024-05-31T23:00:00.000Z",
      "horizonQuarters": 8,
      "revenue": [
        {
          "quarter": 1,
          "value": 26539.22976627974
        },
        {
          "quarter": 2,
          "value": 36797.52152377777
        },
        {
          "quarter": 3,
          "value": 52526.02207308658
        },
        {
          "quarter": 4,
          "value": 79648.94587000414
        },
        {
          "quarter": 5,
          "value": 72444.95992331534
        },
        {
          "quarter": 6,
          "value": 98055.0005412053
        },
        {
          "quarter": 7,
          "value": 173200.1308745944
        },
        {
          "quarter": 8,
          "value": 306203.521083942
        }
      ],
      "burn": [
        {
          "quarter": 1,
          "value": 119085.0926476173
        },
        {
          "quarter": 2,
          "value": 136584.5410347745
        },
        {
          "quarter": 3,
          "value": 134916.5535117133
        },
        {
          "quarter": 4,
          "value": 159266.8488112038
        },
        {
          "quarter": 5,
          "value": 162809.3596837474
        },
        {
          "quarter": 6,
          "value": 168616.5478577957
        },
        {
          "quarter": 7,
          "value": 180781.6043853905
        },
        {
          "quarter": 8,
          "value": 227532.0410283803
        }
      ],
      "traction": [
        {
          "quarter": 1,
          "value": 212.8863061671288
        },
        {
          "quarter": 2,
          "value": 329.4535349317279
        },
        {
          "quarter": 3,
          "value": 428.5852382209895
        },
        {
          "quarter": 4,
          "value": 655.6527343165575
        },
        {
          "quarter": 5,
          "value": 1263.792459862712
        },
        {
          "quarter": 6,
          "value": 1077.418287418079
        },
        {
          "quarter": 7,
          "value": 2113.305452628632
        },
        {
          "quarter": 8,
          "value": 3947.277164496522
        }
      ]
    },
    "actuals": [
      {
        "quarter": 1,
        "submittedAt": "2024-08-29T23:00:00.000Z",
        "revenue": 36413.73132845572,
        "burn": 158321.6398983076,
        "traction": 292.0953179329539,
        "runwayMonths": 13.09007689936593,
        "narrativeGood": "Strong customer acquisition",
        "narrativeBad": "Higher than expected burn",
        "narrativeHelp": "Need help with hiring"
      }
    ]
  },
  {
    "company": {
      "id": "d043052d-55e5-46ee-bc24-cb315c8b4c12",
      "name": "MediTrack",
      "sector": "Healthcare",
      "stage": "Series A",
      "investmentAmount": 2202317.757485021,
      "currency": "USD",
      "investmentType": "EQUITY",
      "investmentDate": "2024-03-31T23:00:00.000Z",
      "status": "ACTIVE"
    },
    "founders": [
      {
        "name": "Founder 3",
        "email": "founder3@meditrack.com"
      }
    ],
    "forecast": {
      "version": 1,
      "startQuarter": "2024-03-31T23:00:00.000Z",
      "horizonQuarters": 8,
      "revenue": [
        {
          "quarter": 1,
          "value": 11896.84369811718
        },
        {
          "quarter": 2,
          "value": 16429.1103554631
        },
        {
          "quarter": 3,
          "value": 22083.45997417678
        },
        {
          "quarter": 4,
          "value": 35678.48780408932
        },
        {
          "quarter": 5,
          "value": 36156.03019108254
        },
        {
          "quarter": 6,
          "value": 32566.16159590794
        },
        {
          "quarter": 7,
          "value": 70940.10919382809
        },
        {
          "quarter": 8,
          "value": 44544.64795514617
        }
      ],
      "burn": [
        {
          "quarter": 1,
          "value": 106614.1349013941
        },
        {
          "quarter": 2,
          "value": 121418.3619804469
        },
        {
          "quarter": 3,
          "value": 126857.8558283563
        },
        {
          "quarter": 4,
          "value": 128776.9444861414
        },
        {
          "quarter": 5,
          "value": 175159.427565422
        },
        {
          "quarter": 6,
          "value": 165843.5384217852
        },
        {
          "quarter": 7,
          "value": 200722.6904453804
        },
        {
          "quarter": 8,
          "value": 181420.641857509
        }
      ],
      "traction": [
        {
          "quarter": 1,
          "value": 158.3763828782736
        },
        {
          "quarter": 2,
          "value": 262.7206513454421
        },
        {
          "quarter": 3,
          "value": 452.7910694945016
        },
        {
          "quarter": 4,
          "value": 592.8346787724106
        },
        {
          "quarter": 5,
          "value": 893.9647901615256
        },
        {
          "quarter": 6,
          "value": 656.0069821795347
        },
        {
          "quarter": 7,
          "value": 3757.748541541056
        },
        {
          "quarter": 8,
          "value": 4479.14641921061
        }
      ]
    },
    "actuals": [
      {
        "quarter": 1,
        "submittedAt": "2024-06-29T23:00:00.000Z",
        "revenue": 13310.34274186836,
        "burn": 124514.7060471161,
        "traction": 177.1935474499692,
        "runwayMonths": 5.343611412570944,
        "narrativeGood": "Strong customer acquisition",
        "narrativeBad": "Higher than expected burn",
        "narrativeHelp": "Need help with hiring"
      },
      {
        "quarter": 2,
        "submittedAt": "2024-09-27T23:00:00.000Z",
        "revenue": 11721.14688455944,
        "burn": 116666.4429856729,
        "traction": 187.4348201089952,
        "runwayMonths": 12.14228578149005,
        "narrativeGood": "Strong customer acquisition",
        "narrativeBad": "Higher than expected burn",
        "narrativeHelp": "Need help with hiring"
      }
    ]
  },
  {
    "company": {
      "id": "5016666b-bec1-45cd-b1c1-0a4dd7e92ea2",
      "name": "MediTrack",
      "sector": "Healthcare",
      "stage": "Series A",
      "investmentAmount": 503086.0666602319,
      "currency": "USD",
      "investmentType": "EQUITY",
      "investmentDate": "2024-08-31T23:00:00.000Z",
      "status": "ACTIVE"
    },
    "founders": [
      {
        "name": "Founder 3",
        "email": "founder3@meditrack.com"
      }
    ],
    "forecast": {
      "version": 1,
      "startQuarter": "2024-08-31T23:00:00.000Z",
      "horizonQuarters": 8,
      "revenue": [
        {
          "quarter": 1,
          "value": 17519.80297508389
        },
        {
          "quarter": 2,
          "value": 22180.44737520482
        },
        {
          "quarter": 3,
          "value": 27427.03395830401
        },
        {
          "quarter": 4,
          "value": 31325.64255592206
        },
        {
          "quarter": 5,
          "value": 52273.01848000466
        },
        {
          "quarter": 6,
          "value": 104158.6235646833
        },
        {
          "quarter": 7,
          "value": 86524.97428989824
        },
        {
          "quarter": 8,
          "value": 238152.4377676156
        }
      ],
      "burn": [
        {
          "quarter": 1,
          "value": 136906.3411197378
        },
        {
          "quarter": 2,
          "value": 154681.7059471277
        },
        {
          "quarter": 3,
          "value": 173316.1632659844
        },
        {
          "quarter": 4,
          "value": 185645.5043656619
        },
        {
          "quarter": 5,
          "value": 216234.6302194842
        },
        {
          "quarter": 6,
          "value": 257375.8357883213
        },
        {
          "quarter": 7,
          "value": 255675.4288265634
        },
        {
          "quarter": 8,
          "value": 346060.2643928803
        }
      ],
      "traction": [
        {
          "quarter": 1,
          "value": 936.2660626578394
        },
        {
          "quarter": 2,
          "value": 1223.099599240873
        },
        {
          "quarter": 3,
          "value": 2502.970438822462
        },
        {
          "quarter": 4,
          "value": 2110.733594839431
        },
        {
          "quarter": 5,
          "value": 6217.228949206314
        },
        {
          "quarter": 6,
          "value": 10372.73235583158
        },
        {
          "quarter": 7,
          "value": 9400.044944745607
        },
        {
          "quarter": 8,
          "value": 9019.433206771499
        }
      ]
    },
    "actuals": [
      {
        "quarter": 1,
        "submittedAt": "2024-11-29T23:00:00.000Z",
        "revenue": 22996.9948741733,
        "burn": 143735.0549457202,
        "traction": 1228.969633644048,
        "runwayMonths": 8.94814515667455,
        "narrativeGood": "Strong customer acquisition",
        "narrativeBad": "Higher than expected burn",
        "narrativeHelp": "Need help with hiring"
      },
      {
        "quarter": 2,
        "submittedAt": "2025-02-27T23:00:00.000Z",
        "revenue": 30007.25682586721,
        "burn": 215958.0221724705,
        "traction": 1654.69447830275,
        "runwayMonths": 10.8333373029413,
        "narrativeGood": "Strong customer acquisition",
        "narrativeBad": "Higher than expected burn",
        "narrativeHelp": "Need help with hiring"
      }
    ]
  },
  {
    "company": {
      "id": "d8d2f30f-c20b-49dd-a0b3-cec06fb3a67f",
      "name": "MediTrack",
      "sector": "Healthcare",
      "stage": "Series A",
      "investmentAmount": 1174371.175264026,
      "currency": "USD",
      "investmentType": "EQUITY",
      "investmentDate": "2024-02-01T00:00:00.000Z",
      "status": "ACTIVE"
    },
    "founders": [
      {
        "name": "Founder 3",
        "email": "founder3@meditrack.com"
      }
    ],
    "forecast": {
      "version": 1,
      "startQuarter": "2024-02-01T00:00:00.000Z",
      "horizonQuarters": 8,
      "revenue": [
        {
          "quarter": 1,
          "value": 21558.73722528401
        },
        {
          "quarter": 2,
          "value": 26331.20811231042
        },
        {
          "quarter": 3,
          "value": 42778.07738697118
        },
        {
          "quarter": 4,
          "value": 54075.93005930833
        },
        {
          "quarter": 5,
          "value": 76744.64228014101
        },
        {
          "quarter": 6,
          "value": 130797.9785987779
        },
        {
          "quarter": 7,
          "value": 70374.41951024157
        },
        {
          "quarter": 8,
          "value": 327033.6330062019
        }
      ],
      "burn": [
        {
          "quarter": 1,
          "value": 103588.3970948581
        },
        {
          "quarter": 2,
          "value": 110094.7398020207
        },
        {
          "quarter": 3,
          "value": 136673.9689696498
        },
        {
          "quarter": 4,
          "value": 141486.9080674313
        },
        {
          "quarter": 5,
          "value": 131079.2006895482
        },
        {
          "quarter": 6,
          "value": 174073.3355025145
        },
        {
          "quarter": 7,
          "value": 146183.7157409332
        },
        {
          "quarter": 8,
          "value": 169079.8465831968
        }
      ],
      "traction": [
        {
          "quarter": 1,
          "value": 200.7757986915137
        },
        {
          "quarter": 2,
          "value": 333.3989924997278
        },
        {
          "quarter": 3,
          "value": 485.7781928614327
        },
        {
          "quarter": 4,
          "value": 784.3197390276634
        },
        {
          "quarter": 5,
          "value": 962.4953920623539
        },
        {
          "quarter": 6,
          "value": 2005.319254796989
        },
        {
          "quarter": 7,
          "value": 2060.941699079702
        },
        {
          "quarter": 8,
          "value": 2222.805581941057
        }
      ]
    },
    "actuals": [
      {
        "quarter": 1,
        "submittedAt": "2024-05-01T00:00:00.000Z",
        "revenue": 19258.00434690075,
        "burn": 112982.5329366487,
        "traction": 179.349150349074,
        "runwayMonths": 9.222605784123665,
        "narrativeGood": "Strong customer acquisition",
        "narrativeBad": "Higher than expected burn",
        "narrativeHelp": "Need help with hiring"
      },
      {
        "quarter": 2,
        "submittedAt": "2024-07-30T00:00:00.000Z",
        "revenue": 34560.89591629078,
        "burn": 125191.1841049633,
        "traction": 437.6011852259922,
        "runwayMonths": 3.571729041727086,
        "narrativeGood": "Strong customer acquisition",
        "narrativeBad": "Higher than expected burn",
        "narrativeHelp": "Need help with hiring"
      }
    ]
  },
  {
    "company": {
      "id": "749db23c-a829-430b-bf9d-d0cf3304a12f",
      "name": "NeuralNet Labs",
      "sector": "AI/ML",
      "stage": "Pre-Seed",
      "investmentAmount": 1411842.024910224,
      "currency": "USD",
      "investmentType": "CLN",
      "investmentDate": "2024-03-31T23:00:00.000Z",
      "status": "ACTIVE"
    },
    "founders": [
      {
        "name": "Founder 5",
        "email": "founder5@neuralnetlabs.com"
      }
    ],
    "forecast": {
      "version": 1,
      "startQuarter": "2024-03-31T23:00:00.000Z",
      "horizonQuarters": 8,
      "revenue": [
        {
          "quarter": 1,
          "value": 52796.33163552732
        },
        {
          "quarter": 2,
          "value": 79145.47175957214
        },
        {
          "quarter": 3,
          "value": 91466.51260420957
        },
        {
          "quarter": 4,
          "value": 134555.5148823864
        },
        {
          "quarter": 5,
          "value": 192405.9123268658
        },
        {
          "quarter": 6,
          "value": 356277.1525668595
        },
        {
          "quarter": 7,
          "value": 161890.3810124401
        },
        {
          "quarter": 8,
          "value": 632767.944375729
        }
      ],
      "burn": [
        {
          "quarter": 1,
          "value": 94347.84625529242
        },
        {
          "quarter": 2,
          "value": 105534.9924562537
        },
        {
          "quarter": 3,
          "value": 105082.8873882804
        },
        {
          "quarter": 4,
          "value": 119331.2161730466
        },
        {
          "quarter": 5,
          "value": 152698.123649875
        },
        {
          "quarter": 6,
          "value": 138206.9663570058
        },
        {
          "quarter": 7,
          "value": 187758.8864244288
        },
        {
          "quarter": 8,
          "value": 136029.816497734
        }
      ],
      "traction": [
        {
          "quarter": 1,
          "value": 254.3551148393494
        },
        {
          "quarter": 2,
          "value": 414.4890965401345
        },
        {
          "quarter": 3,
          "value": 662.1292332666476
        },
        {
          "quarter": 4,
          "value": 733.2966819108266
        },
        {
          "quarter": 5,
          "value": 1508.738563724978
        },
        {
          "quarter": 6,
          "value": 1113.914421105849
        },
        {
          "quarter": 7,
          "value": 3489.617891191247
        },
        {
          "quarter": 8,
          "value": 2773.20649959719
        }
      ]
    },
    "actuals": [
      {
        "quarter": 1,
        "submittedAt": "2024-06-29T23:00:00.000Z",
        "revenue": 44640.21002301113,
        "burn": 93879.40140630837,
        "traction": 215.0616415026666,
        "runwayMonths": 8.871986408640508,
        "narrativeGood": "Strong customer acquisition",
        "narrativeBad": "Higher than expected burn",
        "narrativeHelp": "Need help with hiring"
      }
    ]
  },
  {
    "company": {
      "id": "fede366e-de5f-4171-9c60-b7e9d2a32d11",
      "name": "NeuralNet Labs",
      "sector": "AI/ML",
      "stage": "Pre-Seed",
      "investmentAmount": 2142995.039637124,
      "currency": "USD",
      "investmentType": "CLN",
      "investmentDate": "2024-02-01T00:00:00.000Z",
      "status": "ACTIVE"
    },
    "founders": [
      {
        "name": "Founder 5",
        "email": "founder5@neuralnetlabs.com"
      }
    ],
    "forecast": {
      "version": 1,
      "startQuarter": "2024-02-01T00:00:00.000Z",
      "horizonQuarters": 8,
      "revenue": [
        {
          "quarter": 1,
          "value": 45382.07673721795
        },
        {
          "quarter": 2,
          "value": 62343.60835519137
        },
        {
          "quarter": 3,
          "value": 89981.91343741416
        },
        {
          "quarter": 4,
          "value": 116697.4206262901
        },
        {
          "quarter": 5,
          "value": 183742.6810361376
        },
        {
          "quarter": 6,
          "value": 126037.9389811477
        },
        {
          "quarter": 7,
          "value": 398515.4950362166
        },
        {
          "quarter": 8,
          "value": 313273.6027571548
        }
      ],
      "burn": [
        {
          "quarter": 1,
          "value": 113754.4990506132
        },
        {
          "quarter": 2,
          "value": 126757.6948974523
        },
        {
          "quarter": 3,
          "value": 132141.8722174054
        },
        {
          "quarter": 4,
          "value": 162090.1310030171
        },
        {
          "quarter": 5,
          "value": 176527.4763792585
        },
        {
          "quarter": 6,
          "value": 198829.1794700706
        },
        {
          "quarter": 7,
          "value": 262863.8169843671
        },
        {
          "quarter": 8,
          "value": 211327.4699922017
        }
      ],
      "traction": [
        {
          "quarter": 1,
          "value": 758.9753323410771
        },
        {
          "quarter": 2,
          "value": 1248.975692135557
        },
        {
          "quarter": 3,
          "value": 2145.145874073424
        },
        {
          "quarter": 4,
          "value": 2828.693687168571
        },
        {
          "quarter": 5,
          "value": 4941.723261632153
        },
        {
          "quarter": 6,
          "value": 3452.40917042759
        },
        {
          "quarter": 7,
          "value": 7779.387463120548
        },
        {
          "quarter": 8,
          "value": 6108.464920684686
        }
      ]
    },
    "actuals": [
      {
        "quarter": 1,
        "submittedAt": "2024-05-01T00:00:00.000Z",
        "revenue": 28223.96226002212,
        "burn": 136215.4118503429,
        "traction": 472.0209535654558,
        "runwayMonths": 10.42018318745334,
        "narrativeGood": "Strong customer acquisition",
        "narrativeBad": "Higher than expected burn",
        "narrativeHelp": "Need help with hiring"
      }
    ]
  },
  {
    "company": {
      "id": "5b43a237-0a13-43b2-8b31-9a503e634a36",
      "name": "NeuralNet Labs",
      "sector": "AI/ML",
      "stage": "Pre-Seed",
      "investmentAmount": 1110238.774324197,
      "currency": "USD",
      "investmentType": "CLN",
      "investmentDate": "2024-03-01T00:00:00.000Z",
      "status": "ACTIVE"
    },
    "founders": [
      {
        "name": "Founder 5",
        "email": "founder5@neuralnetlabs.com"
      }
    ],
    "forecast": {
      "version": 1,
      "startQuarter": "2024-03-01T00:00:00.000Z",
      "horizonQuarters": 8,
      "revenue": [
        {
          "quarter": 1,
          "value": 59664.76275200801
        },
        {
          "quarter": 2,
          "value": 83093.81950411719
        },
        {
          "quarter": 3,
          "value": 92555.982323462
        },
        {
          "quarter": 4,
          "value": 111595.7983913489
        },
        {
          "quarter": 5,
          "value": 206975.2671039014
        },
        {
          "quarter": 6,
          "value": 419568.8025916967
        },
        {
          "quarter": 7,
          "value": 347691.515553328
        },
        {
          "quarter": 8,
          "value": 449200.7247563236
        }
      ],
      "burn": [
        {
          "quarter": 1,
          "value": 65647.70805548868
        },
        {
          "quarter": 2,
          "value": 71700.76798695096
        },
        {
          "quarter": 3,
          "value": 80244.86494474146
        },
        {
          "quarter": 4,
          "value": 89743.05334368911
        },
        {
          "quarter": 5,
          "value": 94130.49443826044
        },
        {
          "quarter": 6,
          "value": 103191.3705781564
        },
        {
          "quarter": 7,
          "value": 96451.77131242049
        },
        {
          "quarter": 8,
          "value": 132087.7934752334
        }
      ],
      "traction": [
        {
          "quarter": 1,
          "value": 710.8132945815998
        },
        {
          "quarter": 2,
          "value": 1182.054965282849
        },
        {
          "quarter": 3,
          "value": 1586.285297935491
        },
        {
          "quarter": 4,
          "value": 3196.436651149217
        },
        {
          "quarter": 5,
          "value": 4517.41072155725
        },
        {
          "quarter": 6,
          "value": 5764.789605261376
        },
        {
          "quarter": 7,
          "value": 13012.97995838961
        },
        {
          "quarter": 8,
          "value": 15999.23450147051
        }
      ]
    },
    "actuals": [
      {
        "quarter": 1,
        "submittedAt": "2024-05-30T00:00:00.000Z",
        "revenue": 79859.05507013587,
        "burn": 59955.63514001545,
        "traction": 951.3970293071562,
        "runwayMonths": 10.08371900181319,
        "narrativeGood": "Strong customer acquisition",
        "narrativeBad": "Higher than expected burn",
        "narrativeHelp": "Need help with hiring"
      },
      {
        "quarter": 2,
        "submittedAt": "2024-08-28T00:00:00.000Z",
        "revenue": 59028.45303557112,
        "burn": 88113.33348167168,
        "traction": 839.7119836356187,
        "runwayMonths": 10.88458319195797,
        "narrativeGood": "Strong customer acquisition",
        "narrativeBad": "Higher than expected burn",
        "narrativeHelp": "Need help with hiring"
      },
      {
        "quarter": 3,
        "submittedAt": "2024-11-26T00:00:00.000Z",
        "revenue": 84966.92770913242,
        "burn": 92586.84503969125,
        "traction": 1456.219088731757,
        "runwayMonths": 3.569111690404871,
        "narrativeGood": "Strong customer acquisition",
        "narrativeBad": "Higher than expected burn",
        "narrativeHelp": "Need help with hiring"
      }
    ]
  },
  {
    "company": {
      "id": "78e94cc3-ff87-4d44-9019-75abfc8a295f",
      "name": "PayFlow Pro",
      "sector": "Fintech",
      "stage": "Seed",
      "investmentAmount": 1796809.938069121,
      "currency": "USD",
      "investmentType": "CLN",
      "investmentDate": "2024-11-01T00:00:00.000Z",
      "status": "ACTIVE"
    },
    "founders": [
      {
        "name": "Founder 2",
        "email": "founder2@payflowpro.com"
      }
    ],
    "forecast": {
      "version": 1,
      "startQuarter": "2024-11-01T00:00:00.000Z",
      "horizonQuarters": 8,
      "revenue": [
        {
          "quarter": 1,
          "value": 38113.67491697623
        },
        {
          "quarter": 2,
          "value": 45764.75583313253
        },
        {
          "quarter": 3,
          "value": 58428.49862832018
        },
        {
          "quarter": 4,
          "value": 76846.95813062935
        },
        {
          "quarter": 5,
          "value": 113337.4851825356
        },
        {
          "quarter": 6,
          "value": 248450.3298926612
        },
        {
          "quarter": 7,
          "value": 287160.5278724869
        },
        {
          "quarter": 8,
          "value": 251790.0165509921
        }
      ],
      "burn": [
        {
          "quarter": 1,
          "value": 113852.2976035764
        },
        {
          "quarter": 2,
          "value": 129303.1025559673
        },
        {
          "quarter": 3,
          "value": 133273.8655351806
        },
        {
          "quarter": 4,
          "value": 154501.7968108209
        },
        {
          "quarter": 5,
          "value": 189470.9569318258
        },
        {
          "quarter": 6,
          "value": 220965.5621428826
        },
        {
          "quarter": 7,
          "value": 205455.7869925657
        },
        {
          "quarter": 8,
          "value": 254283.6530539517
        }
      ],
      "traction": [
        {
          "quarter": 1,
          "value": 525.2760709967511
        },
        {
          "quarter": 2,
          "value": 724.5269698269587
        },
        {
          "quarter": 3,
          "value": 1050.448444057044
        },
        {
          "quarter": 4,
          "value": 1783.365498969496
        },
        {
          "quarter": 5,
          "value": 1619.902620276205
        },
        {
          "quarter": 6,
          "value": 2775.653270646316
        },
        {
          "quarter": 7,
          "value": 5303.09153832257
        },
        {
          "quarter": 8,
          "value": 18879.24151667057
        }
      ]
    },
    "actuals": [
      {
        "quarter": 1,
        "submittedAt": "2025-01-30T00:00:00.000Z",
        "revenue": 24862.85466426097,
        "burn": 119461.5117597527,
        "traction": 342.6555597237685,
        "runwayMonths": 8.419498707948556,
        "narrativeGood": "Strong customer acquisition",
        "narrativeBad": "Higher than expected burn",
        "narrativeHelp": "Need help with hiring"
      },
      {
        "quarter": 2,
        "submittedAt": "2025-04-30T00:00:00.000Z",
        "revenue": 43640.81975425243,
        "burn": 155430.8252488255,
        "traction": 690.9017719356359,
        "runwayMonths": 11.26810506689432,
        "narrativeGood": "Strong customer acquisition",
        "narrativeBad": "Higher than expected burn",
        "narrativeHelp": "Need help with hiring"
      },
      {
        "quarter": 3,
        "submittedAt": "2025-07-29T00:00:00.000Z",
        "revenue": 67998.48007018995,
        "burn": 138174.9050142666,
        "traction": 1222.500992920491,
        "runwayMonths": 8.130591804800783,
        "narrativeGood": "Strong customer acquisition",
        "narrativeBad": "Higher than expected burn",
        "narrativeHelp": "Need help with hiring"
      },
      {
        "quarter": 4,
        "submittedAt": "2025-10-27T00:00:00.000Z",
        "revenue": 104207.240298016,
        "burn": 191006.6156552465,
        "traction": 2418.307784862524,
        "runwayMonths": 3.149325901248655,
        "narrativeGood": "Strong customer acquisition",
        "narrativeBad": "Higher than expected burn",
        "narrativeHelp": "Need help with hiring"
      }
    ]
  },
  {
    "company": {
      "id": "827215ab-91be-4e1e-aba3-ed26d2cd270a",
      "name": "PayFlow Pro",
      "sector": "Fintech",
      "stage": "Seed",
      "investmentAmount": 1172738.004855499,
      "currency": "USD",
      "investmentType": "CLN",
      "investmentDate": "2024-02-01T00:00:00.000Z",
      "status": "ACTIVE"
    },
    "founders": [
      {
        "name": "Founder 2",
        "email": "founder2@payflowpro.com"
      }
    ],
    "forecast": {
      "version": 1,
      "startQuarter": "2024-02-01T00:00:00.000Z",
      "horizonQuarters": 8,
      "revenue": [
        {
          "quarter": 1,
          "value": 15346.12733039246
        },
        {
          "quarter": 2,
          "value": 19606.49903463627
        },
        {
          "quarter": 3,
          "value": 29096.15721063437
        },
        {
          "quarter": 4,
          "value": 45279.70046674696
        },
        {
          "quarter": 5,
          "value": 65621.51582728061
        },
        {
          "quarter": 6,
          "value": 91695.36571599748
        },
        {
          "quarter": 7,
          "value": 48713.71454095318
        },
        {
          "quarter": 8,
          "value": 260386.5597315476
        }
      ],
      "burn": [
        {
          "quarter": 1,
          "value": 104897.5295803109
        },
        {
          "quarter": 2,
          "value": 115469.8897609732
        },
        {
          "quarter": 3,
          "value": 128026.1780270558
        },
        {
          "quarter": 4,
          "value": 135148.8765391528
        },
        {
          "quarter": 5,
          "value": 156065.898496244
        },
        {
          "quarter": 6,
          "value": 165326.0150733751
        },
        {
          "quarter": 7,
          "value": 170794.137895101
        },
        {
          "quarter": 8,
          "value": 178858.5380877263
        }
      ],
      "traction": [
        {
          "quarter": 1,
          "value": 323.0152705473012
        },
        {
          "quarter": 2,
          "value": 510.8506461335992
        },
        {
          "quarter": 3,
          "value": 845.6719184723526
        },
        {
          "quarter": 4,
          "value": 1112.116996166328
        },
        {
          "quarter": 5,
          "value": 2184.744129621578
        },
        {
          "quarter": 6,
          "value": 1253.241765137661
        },
        {
          "quarter": 7,
          "value": 2285.459213122472
        },
        {
          "quarter": 8,
          "value": 3137.776911264651
        }
      ]
    },
    "actuals": [
      {
        "quarter": 1,
        "submittedAt": "2024-05-01T00:00:00.000Z",
        "revenue": 20791.05497479476,
        "burn": 139125.8121578036,
        "traction": 437.6236494758311,
        "runwayMonths": 5.171381981792139,
        "narrativeGood": "Strong customer acquisition",
        "narrativeBad": "Higher than expected burn",
        "narrativeHelp": "Need help with hiring"
      }
    ]
  },
  {
    "company": {
      "id": "eb147b29-8597-401a-a915-b8de8ceb4495",
      "name": "PayFlow Pro",
      "sector": "Fintech",
      "stage": "Seed",
      "investmentAmount": 1542891.71233783,
      "currency": "USD",
      "investmentType": "CLN",
      "investmentDate": "2024-09-30T23:00:00.000Z",
      "status": "ACTIVE"
    },
    "founders": [
      {
        "name": "Founder 2",
        "email": "founder2@payflowpro.com"
      }
    ],
    "forecast": {
      "version": 1,
      "startQuarter": "2024-09-30T23:00:00.000Z",
      "horizonQuarters": 8,
      "revenue": [
        {
          "quarter": 1,
          "value": 42606.53542608065
        },
        {
          "quarter": 2,
          "value": 58035.66126158027
        },
        {
          "quarter": 3,
          "value": 63205.99218491927
        },
        {
          "quarter": 4,
          "value": 102253.9997299257
        },
        {
          "quarter": 5,
          "value": 147111.8640029841
        },
        {
          "quarter": 6,
          "value": 266346.7788194127
        },
        {
          "quarter": 7,
          "value": 214795.4057146966
        },
        {
          "quarter": 8,
          "value": 156863.1740835347
        }
      ],
      "burn": [
        {
          "quarter": 1,
          "value": 105019.2107120236
        },
        {
          "quarter": 2,
          "value": 118617.9736977563
        },
        {
          "quarter": 3,
          "value": 118080.6827151397
        },
        {
          "quarter": 4,
          "value": 145956.9599970491
        },
        {
          "quarter": 5,
          "value": 153757.5434579714
        },
        {
          "quarter": 6,
          "value": 134583.4768908967
        },
        {
          "quarter": 7,
          "value": 232390.9385101522
        },
        {
          "quarter": 8,
          "value": 197455.8370087721
        }
      ],
      "traction": [
        {
          "quarter": 1,
          "value": 953.749387264875
        },
        {
          "quarter": 2,
          "value": 1375.01247486529
        },
        {
          "quarter": 3,
          "value": 1836.57450697981
        },
        {
          "quarter": 4,
          "value": 3072.578695194968
        },
        {
          "quarter": 5,
          "value": 4539.632732550565
        },
        {
          "quarter": 6,
          "value": 10981.76892071566
        },
        {
          "quarter": 7,
          "value": 15779.71459314818
        },
        {
          "quarter": 8,
          "value": 9110.031162582696
        }
      ]
    },
    "actuals": [
      {
        "quarter": 1,
        "submittedAt": "2024-12-29T23:00:00.000Z",
        "revenue": 28272.64303534206,
        "burn": 128216.5322966553,
        "traction": 632.8845023810593,
        "runwayMonths": 11.83492762824702,
        "narrativeGood": "Strong customer acquisition",
        "narrativeBad": "Higher than expected burn",
        "narrativeHelp": "Need help with hiring"
      },
      {
        "quarter": 2,
        "submittedAt": "2025-03-29T23:00:00.000Z",
        "revenue": 74998.59464778901,
        "burn": 159179.9547350334,
        "traction": 1776.907525413919,
        "runwayMonths": 12.37459226087503,
        "narrativeGood": "Strong customer acquisition",
        "narrativeBad": "Higher than expected burn",
        "narrativeHelp": "Need help with hiring"
      },
      {
        "quarter": 3,
        "submittedAt": "2025-06-27T23:00:00.000Z",
        "revenue": 61356.07045493017,
        "burn": 129722.7112300281,
        "traction": 1782.821390040106,
        "runwayMonths": 6.496143364912154,
        "narrativeGood": "Strong customer acquisition",
        "narrativeBad": "Higher than expected burn",
        "narrativeHelp": "Need help with hiring"
      },
      {
        "quarter": 4,
        "submittedAt": "2025-09-25T23:00:00.000Z",
        "revenue": 86586.07170176544,
        "burn": 166986.8702106342,
        "traction": 2601.781054180204,
        "runwayMonths": 10.23145102128101,
        "narrativeGood": "Strong customer acquisition",
        "narrativeBad": "Higher than expected burn",
        "narrativeHelp": "Need help with hiring"
      }
    ]
  },
  {
    "company": {
      "id": "3b3d8c44-4278-4f83-a08f-a8f7609c5080",
      "name": "PayFlow Pro",
      "sector": "Fintech",
      "stage": "Seed",
      "investmentAmount": 1650429.72809791,
      "currency": "USD",
      "investmentType": "CLN",
      "investmentDate": "2024-05-31T23:00:00.000Z",
      "status": "ACTIVE"
    },
    "founders": [
      {
        "name": "Founder 2",
        "email": "founder2@payflowpro.com"
      }
    ],
    "forecast": {
      "version": 1,
      "startQuarter": "2024-05-31T23:00:00.000Z",
      "horizonQuarters": 8,
      "revenue": [
        {
          "quarter": 1,
          "value": 58291.71334880467
        },
        {
          "quarter": 2,
          "value": 75234.60333838097
        },
        {
          "quarter": 3,
          "value": 98085.71166964307
        },
        {
          "quarter": 4,
          "value": 130959.9184915843
        },
        {
          "quarter": 5,
          "value": 124796.2883965424
        },
        {
          "quarter": 6,
          "value": 166653.6748314431
        },
        {
          "quarter": 7,
          "value": 203535.9328287666
        },
        {
          "quarter": 8,
          "value": 713846.0086481257
        }
      ],
      "burn": [
        {
          "quarter": 1,
          "value": 97513.87712923883
        },
        {
          "quarter": 2,
          "value": 111814.0055467381
        },
        {
          "quarter": 3,
          "value": 114948.6430649585
        },
        {
          "quarter": 4,
          "value": 118126.9059065605
        },
        {
          "quarter": 5,
          "value": 126726.8866282513
        },
        {
          "quarter": 6,
          "value": 171740.5548949071
        },
        {
          "quarter": 7,
          "value": 171389.7657107394
        },
        {
          "quarter": 8,
          "value": 178653.3570361412
        }
      ],
      "traction": [
        {
          "quarter": 1,
          "value": 535.7633448311409
        },
        {
          "quarter": 2,
          "value": 733.0215447483625
        },
        {
          "quarter": 3,
          "value": 1314.095804292546
        },
        {
          "quarter": 4,
          "value": 1606.769338814605
        },
        {
          "quarter": 5,
          "value": 1768.776062409191
        },
        {
          "quarter": 6,
          "value": 3143.288393082376
        },
        {
          "quarter": 7,
          "value": 3087.826291030898
        },
        {
          "quarter": 8,
          "value": 7264.787258620373
        }
      ]
    },
    "actuals": [
      {
        "quarter": 1,
        "submittedAt": "2024-08-29T23:00:00.000Z",
        "revenue": 64176.53038974402,
        "burn": 100632.5798890264,
        "traction": 589.8511230150982,
        "runwayMonths": 10.59473599033742,
        "narrativeGood": "Strong customer acquisition",
        "narrativeBad": "Higher than expected burn",
        "narrativeHelp": "Need help with hiring"
      }
    ]
  },
  {
    "company": {
      "id": "72aead24-73bf-408c-84e6-beb6c67ded0b",
      "name": "PayStream",
      "sector": "Fintech",
      "stage": "Seed",
      "investmentAmount": 1369139.204396542,
      "currency": "USD",
      "investmentType": "EQUITY",
      "investmentDate": "2024-03-01T00:00:00.000Z",
      "status": "ACTIVE"
    },
    "founders": [
      {
        "name": "Founder 18",
        "email": "founder18@paystream.com"
      }
    ],
    "forecast": {
      "version": 1,
      "startQuarter": "2024-03-01T00:00:00.000Z",
      "horizonQuarters": 8,
      "revenue": [
        {
          "quarter": 1,
          "value": 53238.9112597093
        },
        {
          "quarter": 2,
          "value": 65795.49883902067
        },
        {
          "quarter": 3,
          "value": 103936.541997693
        },
        {
          "quarter": 4,
          "value": 132862.9055529457
        },
        {
          "quarter": 5,
          "value": 217580.7510755446
        },
        {
          "quarter": 6,
          "value": 260576.3887380956
        },
        {
          "quarter": 7,
          "value": 289557.6892223977
        },
        {
          "quarter": 8,
          "value": 882222.3958727766
        }
      ],
      "burn": [
        {
          "quarter": 1,
          "value": 143745.1605225355
        },
        {
          "quarter": 2,
          "value": 155929.3455998463
        },
        {
          "quarter": 3,
          "value": 180895.5396048668
        },
        {
          "quarter": 4,
          "value": 212487.8731938279
        },
        {
          "quarter": 5,
          "value": 225256.0816682773
        },
        {
          "quarter": 6,
          "value": 235083.015831831
        },
        {
          "quarter": 7,
          "value": 253808.0811777278
        },
        {
          "quarter": 8,
          "value": 279107.6063314174
        }
      ],
      "traction": [
        {
          "quarter": 1,
          "value": 488.5827445865206
        },
        {
          "quarter": 2,
          "value": 687.4551739697048
        },
        {
          "quarter": 3,
          "value": 1089.096914893241
        },
        {
          "quarter": 4,
          "value": 1316.392240492006
        },
        {
          "quarter": 5,
          "value": 3412.693150408756
        },
        {
          "quarter": 6,
          "value": 2927.267478986976
        },
        {
          "quarter": 7,
          "value": 11142.46154746803
        },
        {
          "quarter": 8,
          "value": 4619.593209838509
        }
      ]
    },
    "actuals": [
      {
        "quarter": 1,
        "submittedAt": "2024-05-30T00:00:00.000Z",
        "revenue": 47232.09087850864,
        "burn": 168497.032207388,
        "traction": 433.4571096206096,
        "runwayMonths": 10.86616725919213,
        "narrativeGood": "Strong customer acquisition",
        "narrativeBad": "Higher than expected burn",
        "narrativeHelp": "Need help with hiring"
      },
      {
        "quarter": 2,
        "submittedAt": "2024-08-28T00:00:00.000Z",
        "revenue": 72011.14283229913,
        "burn": 213107.6898656581,
        "traction": 752.3984709752875,
        "runwayMonths": 3.53122827940533,
        "narrativeGood": "Strong customer acquisition",
        "narrativeBad": "Higher than expected burn",
        "narrativeHelp": "Need help with hiring"
      },
      {
        "quarter": 3,
        "submittedAt": "2024-11-26T00:00:00.000Z",
        "revenue": 63411.90952489716,
        "burn": 180724.6482985085,
        "traction": 664.4603880759064,
        "runwayMonths": 7.276805043378515,
        "narrativeGood": "Strong customer acquisition",
        "narrativeBad": "Higher than expected burn",
        "narrativeHelp": "Need help with hiring"
      },
      {
        "quarter": 4,
        "submittedAt": "2025-02-24T00:00:00.000Z",
        "revenue": 154681.022876304,
        "burn": 294286.4249613961,
        "traction": 1532.563941894153,
        "runwayMonths": 6.002049994443537,
        "narrativeGood": "Strong customer acquisition",
        "narrativeBad": "Higher than expected burn",
        "narrativeHelp": "Need help with hiring"
      }
    ]
  },
  {
    "company": {
      "id": "37005b43-8927-4d4d-95e7-4617859773b1",
      "name": "PayStream",
      "sector": "Fintech",
      "stage": "Seed",
      "investmentAmount": 2410311.112972424,
      "currency": "USD",
      "investmentType": "EQUITY",
      "investmentDate": "2024-05-31T23:00:00.000Z",
      "status": "ACTIVE"
    },
    "founders": [
      {
        "name": "Founder 18",
        "email": "founder18@paystream.com"
      }
    ],
    "forecast": {
      "version": 1,
      "startQuarter": "2024-05-31T23:00:00.000Z",
      "horizonQuarters": 8,
      "revenue": [
        {
          "quarter": 1,
          "value": 28205.42116347765
        },
        {
          "quarter": 2,
          "value": 38015.78845548542
        },
        {
          "quarter": 3,
          "value": 41358.45747236297
        },
        {
          "quarter": 4,
          "value": 58298.54412068003
        },
        {
          "quarter": 5,
          "value": 60851.35798791597
        },
        {
          "quarter": 6,
          "value": 146140.5568038904
        },
        {
          "quarter": 7,
          "value": 122001.3314431069
        },
        {
          "quarter": 8,
          "value": 109436.7339938541
        }
      ],
      "burn": [
        {
          "quarter": 1,
          "value": 84428.45911272957
        },
        {
          "quarter": 2,
          "value": 90693.0989491653
        },
        {
          "quarter": 3,
          "value": 97498.3407416631
        },
        {
          "quarter": 4,
          "value": 102129.9560619495
        },
        {
          "quarter": 5,
          "value": 111263.6645958259
        },
        {
          "quarter": 6,
          "value": 149225.4864201817
        },
        {
          "quarter": 7,
          "value": 117412.4946075864
        },
        {
          "quarter": 8,
          "value": 218319.2710301947
        }
      ],
      "traction": [
        {
          "quarter": 1,
          "value": 382.1369530558923
        },
        {
          "quarter": 2,
          "value": 530.578189819194
        },
        {
          "quarter": 3,
          "value": 743.7673178961588
        },
        {
          "quarter": 4,
          "value": 900.9564828565643
        },
        {
          "quarter": 5,
          "value": 2736.375429895806
        },
        {
          "quarter": 6,
          "value": 4773.404334140184
        },
        {
          "quarter": 7,
          "value": 9165.41708336926
        },
        {
          "quarter": 8,
          "value": 5604.522609672447
        }
      ]
    },
    "actuals": [
      {
        "quarter": 1,
        "submittedAt": "2024-08-29T23:00:00.000Z",
        "revenue": 32447.64832230021,
        "burn": 92629.93973886681,
        "traction": 439.6121366827384,
        "runwayMonths": 12.29320345760143,
        "narrativeGood": "Strong customer acquisition",
        "narrativeBad": "Higher than expected burn",
        "narrativeHelp": "Need help with hiring"
      },
      {
        "quarter": 2,
        "submittedAt": "2024-11-27T23:00:00.000Z",
        "revenue": 43901.82683471261,
        "burn": 112176.2117369831,
        "traction": 612.7283625589637,
        "runwayMonths": 7.608062981135935,
        "narrativeGood": "Strong customer acquisition",
        "narrativeBad": "Higher than expected burn",
        "narrativeHelp": "Need help with hiring"
      },
      {
        "quarter": 3,
        "submittedAt": "2025-02-25T23:00:00.000Z",
        "revenue": 54270.55963986292,
        "burn": 130830.6038176715,
        "traction": 975.9713260833609,
        "runwayMonths": 4.861557698383651,
        "narrativeGood": "Strong customer acquisition",
        "narrativeBad": "Higher than expected burn",
        "narrativeHelp": "Need help with hiring"
      }
    ]
  },
  {
    "company": {
      "id": "fefbaba0-4a70-4171-8402-569c15e6bb17",
      "name": "PayStream",
      "sector": "Fintech",
      "stage": "Seed",
      "investmentAmount": 586620.5177814785,
      "currency": "USD",
      "investmentType": "EQUITY",
      "investmentDate": "2024-02-01T00:00:00.000Z",
      "status": "ACTIVE"
    },
    "founders": [
      {
        "name": "Founder 18",
        "email": "founder18@paystream.com"
      }
    ],
    "forecast": {
      "version": 1,
      "startQuarter": "2024-02-01T00:00:00.000Z",
      "horizonQuarters": 8,
      "revenue": [
        {
          "quarter": 1,
          "value": 24990.55254414659
        },
        {
          "quarter": 2,
          "value": 33661.74206950597
        },
        {
          "quarter": 3,
          "value": 44279.20509893356
        },
        {
          "quarter": 4,
          "value": 52883.14239925389
        },
        {
          "quarter": 5,
          "value": 103118.2992922758
        },
        {
          "quarter": 6,
          "value": 181367.8822071127
        },
        {
          "quarter": 7,
          "value": 181956.2367017213
        },
        {
          "quarter": 8,
          "value": 166407.0190292883
        }
      ],
      "burn": [
        {
          "quarter": 1,
          "value": 74273.79286101792
        },
        {
          "quarter": 2,
          "value": 80013.31604911025
        },
        {
          "quarter": 3,
          "value": 85359.8299409249
        },
        {
          "quarter": 4,
          "value": 90237.09296353874
        },
        {
          "quarter": 5,
          "value": 96403.86628227614
        },
        {
          "quarter": 6,
          "value": 115908.733477802
        },
        {
          "quarter": 7,
          "value": 117012.4495722937
        },
        {
          "quarter": 8,
          "value": 171330.4246550617
        }
      ],
      "traction": [
        {
          "quarter": 1,
          "value": 1026.396439289102
        },
        {
          "quarter": 2,
          "value": 1579.585032041848
        },
        {
          "quarter": 3,
          "value": 2725.209150528025
        },
        {
          "quarter": 4,
          "value": 3243.041077395667
        },
        {
          "quarter": 5,
          "value": 8377.966817459352
        },
        {
          "quarter": 6,
          "value": 8820.516118329311
        },
        {
          "quarter": 7,
          "value": 16095.45334813731
        },
        {
          "quarter": 8,
          "value": 11897.05639264844
        }
      ]
    },
    "actuals": [
      {
        "quarter": 1,
        "submittedAt": "2024-05-01T00:00:00.000Z",
        "revenue": 17561.53627787816,
        "burn": 72796.74329979964,
        "traction": 721.2765012785787,
        "runwayMonths": 14.13133462894284,
        "narrativeGood": "Strong customer acquisition",
        "narrativeBad": "Higher than expected burn",
        "narrativeHelp": "Need help with hiring"
      },
      {
        "quarter": 2,
        "submittedAt": "2024-07-30T00:00:00.000Z",
        "revenue": 43385.88751574974,
        "burn": 72195.10221179137,
        "traction": 2035.892806148383,
        "runwayMonths": 7.129598408523972,
        "narrativeGood": "Strong customer acquisition",
        "narrativeBad": "Higher than expected burn",
        "narrativeHelp": "Need help with hiring"
      },
      {
        "quarter": 3,
        "submittedAt": "2024-10-28T00:00:00.000Z",
        "revenue": 48974.99843266484,
        "burn": 88258.67970458847,
        "traction": 3014.216573617045,
        "runwayMonths": 11.26854562636133,
        "narrativeGood": "Strong customer acquisition",
        "narrativeBad": "Higher than expected burn",
        "narrativeHelp": "Need help with hiring"
      }
    ]
  },
  {
    "company": {
      "id": "bcb14c52-28a6-45c7-976e-8d85a80b7df8",
      "name": "RetailMax",
      "sector": "E-commerce",
      "stage": "Series B",
      "investmentAmount": 2458446.229944957,
      "currency": "USD",
      "investmentType": "EQUITY",
      "investmentDate": "2024-06-30T23:00:00.000Z",
      "status": "ACTIVE"
    },
    "founders": [
      {
        "name": "Founder 12",
        "email": "founder12@retailmax.com"
      }
    ],
    "forecast": {
      "version": 1,
      "startQuarter": "2024-06-30T23:00:00.000Z",
      "horizonQuarters": 8,
      "revenue": [
        {
          "quarter": 1,
          "value": 42106.30334350652
        },
        {
          "quarter": 2,
          "value": 57493.25014347659
        },
        {
          "quarter": 3,
          "value": 78556.64592034812
        },
        {
          "quarter": 4,
          "value": 78877.2486658263
        },
        {
          "quarter": 5,
          "value": 123246.8203620198
        },
        {
          "quarter": 6,
          "value": 111849.0466892748
        },
        {
          "quarter": 7,
          "value": 227020.9282089512
        },
        {
          "quarter": 8,
          "value": 302890.6963934382
        }
      ],
      "burn": [
        {
          "quarter": 1,
          "value": 56447.56809959633
        },
        {
          "quarter": 2,
          "value": 62913.85224100979
        },
        {
          "quarter": 3,
          "value": 74078.53699572767
        },
        {
          "quarter": 4,
          "value": 71594.16925700309
        },
        {
          "quarter": 5,
          "value": 74584.87744014653
        },
        {
          "quarter": 6,
          "value": 88044.05238241421
        },
        {
          "quarter": 7,
          "value": 116458.4202920895
        },
        {
          "quarter": 8,
          "value": 88031.19285931587
        }
      ],
      "traction": [
        {
          "quarter": 1,
          "value": 727.6769732577317
        },
        {
          "quarter": 2,
          "value": 1149.952728283702
        },
        {
          "quarter": 3,
          "value": 1342.6640089296
        },
        {
          "quarter": 4,
          "value": 1622.484962256374
        },
        {
          "quarter": 5,
          "value": 3143.574782985994
        },
        {
          "quarter": 6,
          "value": 2909.858035514756
        },
        {
          "quarter": 7,
          "value": 3819.987355062737
        },
        {
          "quarter": 8,
          "value": 6772.047547224206
        }
      ]
    },
    "actuals": [
      {
        "quarter": 1,
        "submittedAt": "2024-09-28T23:00:00.000Z",
        "revenue": 49563.589999803,
        "burn": 51624.32312154578,
        "traction": 856.5530642909272,
        "runwayMonths": 3.016911146296734,
        "narrativeGood": "Strong customer acquisition",
        "narrativeBad": "Higher than expected burn",
        "narrativeHelp": "Need help with hiring"
      },
      {
        "quarter": 2,
        "submittedAt": "2024-12-27T23:00:00.000Z",
        "revenue": 77727.23594678433,
        "burn": 70230.10625741778,
        "traction": 1554.663318144267,
        "runwayMonths": 14.3396936941418,
        "narrativeGood": "Strong customer acquisition",
        "narrativeBad": "Higher than expected burn",
        "narrativeHelp": "Need help with hiring"
      }
    ]
  },
  {
    "company": {
      "id": "8d11873c-2f83-466d-af29-e7a67137352b",
      "name": "RetailMax",
      "sector": "E-commerce",
      "stage": "Series B",
      "investmentAmount": 2034692.380748403,
      "currency": "USD",
      "investmentType": "EQUITY",
      "investmentDate": "2024-09-30T23:00:00.000Z",
      "status": "ACTIVE"
    },
    "founders": [
      {
        "name": "Founder 12",
        "email": "founder12@retailmax.com"
      }
    ],
    "forecast": {
      "version": 1,
      "startQuarter": "2024-09-30T23:00:00.000Z",
      "horizonQuarters": 8,
      "revenue": [
        {
          "quarter": 1,
          "value": 28150.84441684209
        },
        {
          "quarter": 2,
          "value": 38064.43796061484
        },
        {
          "quarter": 3,
          "value": 50939.93548124321
        },
        {
          "quarter": 4,
          "value": 83877.75816187623
        },
        {
          "quarter": 5,
          "value": 92548.09852327981
        },
        {
          "quarter": 6,
          "value": 81720.25804814167
        },
        {
          "quarter": 7,
          "value": 141050.7042449235
        },
        {
          "quarter": 8,
          "value": 120686.4908054067
        }
      ],
      "burn": [
        {
          "quarter": 1,
          "value": 55396.24197523247
        },
        {
          "quarter": 2,
          "value": 58990.56940466835
        },
        {
          "quarter": 3,
          "value": 61917.10842071297
        },
        {
          "quarter": 4,
          "value": 67120.68337226566
        },
        {
          "quarter": 5,
          "value": 85291.97419594134
        },
        {
          "quarter": 6,
          "value": 77399.84915988031
        },
        {
          "quarter": 7,
          "value": 83981.23216183734
        },
        {
          "quarter": 8,
          "value": 102147.4163940628
        }
      ],
      "traction": [
        {
          "quarter": 1,
          "value": 396.1163646263516
        },
        {
          "quarter": 2,
          "value": 603.9736111393336
        },
        {
          "quarter": 3,
          "value": 858.7215227459127
        },
        {
          "quarter": 4,
          "value": 1760.231877414005
        },
        {
          "quarter": 5,
          "value": 2070.47636174805
        },
        {
          "quarter": 6,
          "value": 4716.022725384116
        },
        {
          "quarter": 7,
          "value": 7693.694505055492
        },
        {
          "quarter": 8,
          "value": 9072.753801989305
        }
      ]
    },
    "actuals": [
      {
        "quarter": 1,
        "submittedAt": "2024-12-29T23:00:00.000Z",
        "revenue": 28913.15520638776,
        "burn": 67540.93674652453,
        "traction": 406.8429976963569,
        "runwayMonths": 12.25042238026925,
        "narrativeGood": "Strong customer acquisition",
        "narrativeBad": "Higher than expected burn",
        "narrativeHelp": "Need help with hiring"
      }
    ]
  },
  {
    "company": {
      "id": "efbec7d6-99df-4a35-9ca7-f21c8de235d1",
      "name": "RetailMax",
      "sector": "E-commerce",
      "stage": "Series B",
      "investmentAmount": 774773.3953185356,
      "currency": "USD",
      "investmentType": "EQUITY",
      "investmentDate": "2024-12-01T00:00:00.000Z",
      "status": "ACTIVE"
    },
    "founders": [
      {
        "name": "Founder 12",
        "email": "founder12@retailmax.com"
      }
    ],
    "forecast": {
      "version": 1,
      "startQuarter": "2024-12-01T00:00:00.000Z",
      "horizonQuarters": 8,
      "revenue": [
        {
          "quarter": 1,
          "value": 42857.17059236094
        },
        {
          "quarter": 2,
          "value": 64183.49064059284
        },
        {
          "quarter": 3,
          "value": 62876.9157678105
        },
        {
          "quarter": 4,
          "value": 118756.5852464707
        },
        {
          "quarter": 5,
          "value": 141926.8316391422
        },
        {
          "quarter": 6,
          "value": 170093.0719327263
        },
        {
          "quarter": 7,
          "value": 177251.7712409117
        },
        {
          "quarter": 8,
          "value": 655983.8320776544
        }
      ],
      "burn": [
        {
          "quarter": 1,
          "value": 104802.9163948882
        },
        {
          "quarter": 2,
          "value": 113830.9132892004
        },
        {
          "quarter": 3,
          "value": 119306.0614187009
        },
        {
          "quarter": 4,
          "value": 156811.5884934412
        },
        {
          "quarter": 5,
          "value": 135987.1798426895
        },
        {
          "quarter": 6,
          "value": 190731.1818578082
        },
        {
          "quarter": 7,
          "value": 155981.8708889878
        },
        {
          "quarter": 8,
          "value": 160173.6926060503
        }
      ],
      "traction": [
        {
          "quarter": 1,
          "value": 256.3258229103138
        },
        {
          "quarter": 2,
          "value": 384.4962895095695
        },
        {
          "quarter": 3,
          "value": 460.0777982701565
        },
        {
          "quarter": 4,
          "value": 605.8657159497141
        },
        {
          "quarter": 5,
          "value": 952.058320768327
        },
        {
          "quarter": 6,
          "value": 1278.102907417498
        },
        {
          "quarter": 7,
          "value": 4197.124278062486
        },
        {
          "quarter": 8,
          "value": 2951.141809955473
        }
      ]
    },
    "actuals": [
      {
        "quarter": 1,
        "submittedAt": "2025-03-01T00:00:00.000Z",
        "revenue": 59912.41366300857,
        "burn": 118264.2937368997,
        "traction": 358.3320719135648,
        "runwayMonths": 10.7462413549378,
        "narrativeGood": "Strong customer acquisition",
        "narrativeBad": "Higher than expected burn",
        "narrativeHelp": "Need help with hiring"
      },
      {
        "quarter": 2,
        "submittedAt": "2025-05-30T00:00:00.000Z",
        "revenue": 71785.95889206871,
        "burn": 137227.4645919352,
        "traction": 430.0394783363556,
        "runwayMonths": 10.3209433744674,
        "narrativeGood": "Strong customer acquisition",
        "narrativeBad": "Higher than expected burn",
        "narrativeHelp": "Need help with hiring"
      }
    ]
  },
  {
    "company": {
      "id": "8aa55aa5-33ce-42f6-b870-95858005feae",
      "name": "SecureShield",
      "sector": "Cybersecurity",
      "stage": "Series B",
      "investmentAmount": 1883752.435101327,
      "currency": "USD",
      "investmentType": "CLN",
      "investmentDate": "2024-03-01T00:00:00.000Z",
      "status": "ACTIVE"
    },
    "founders": [
      {
        "name": "Founder 8",
        "email": "founder8@secureshield.com"
      }
    ],
    "forecast": {
      "version": 1,
      "startQuarter": "2024-03-01T00:00:00.000Z",
      "horizonQuarters": 8,
      "revenue": [
        {
          "quarter": 1,
          "value": 52258.85477998437
        },
        {
          "quarter": 2,
          "value": 74160.74252223078
        },
        {
          "quarter": 3,
          "value": 92859.11037313148
        },
        {
          "quarter": 4,
          "value": 107808.3569387912
        },
        {
          "quarter": 5,
          "value": 119317.3427050909
        },
        {
          "quarter": 6,
          "value": 162062.55482842
        },
        {
          "quarter": 7,
          "value": 473664.5719882467
        },
        {
          "quarter": 8,
          "value": 890904.0005313253
        }
      ],
      "burn": [
        {
          "quarter": 1,
          "value": 136075.8210158968
        },
        {
          "quarter": 2,
          "value": 147371.7595534225
        },
        {
          "quarter": 3,
          "value": 176120.8136221655
        },
        {
          "quarter": 4,
          "value": 157678.5144046357
        },
        {
          "quarter": 5,
          "value": 175370.8660800233
        },
        {
          "quarter": 6,
          "value": 179403.7732184781
        },
        {
          "quarter": 7,
          "value": 194857.9348036466
        },
        {
          "quarter": 8,
          "value": 207349.4259325873
        }
      ],
      "traction": [
        {
          "quarter": 1,
          "value": 1049.887510005176
        },
        {
          "quarter": 2,
          "value": 1483.899055909045
        },
        {
          "quarter": 3,
          "value": 2996.811423693497
        },
        {
          "quarter": 4,
          "value": 3050.787227253031
        },
        {
          "quarter": 5,
          "value": 4892.557881740328
        },
        {
          "quarter": 6,
          "value": 7575.600047690581
        },
        {
          "quarter": 7,
          "value": 9234.498901169467
        },
        {
          "quarter": 8,
          "value": 16963.1375648587
        }
      ]
    },
    "actuals": [
      {
        "quarter": 1,
        "submittedAt": "2024-05-30T00:00:00.000Z",
        "revenue": 70278.39525684706,
        "burn": 135989.04519676,
        "traction": 1411.902532384442,
        "runwayMonths": 8.055146765179275,
        "narrativeGood": "Strong customer acquisition",
        "narrativeBad": "Higher than expected burn",
        "narrativeHelp": "Need help with hiring"
      },
      {
        "quarter": 2,
        "submittedAt": "2024-08-28T00:00:00.000Z",
        "revenue": 65762.62779111184,
        "burn": 169549.3478535478,
        "traction": 1315.859280455238,
        "runwayMonths": 11.20429295103938,
        "narrativeGood": "Strong customer acquisition",
        "narrativeBad": "Higher than expected burn",
        "narrativeHelp": "Need help with hiring"
      }
    ]
  },
  {
    "company": {
      "id": "c03c932e-1f9b-4a50-91df-29e633b20443",
      "name": "SecureShield",
      "sector": "Cybersecurity",
      "stage": "Series B",
      "investmentAmount": 2233738.65374409,
      "currency": "USD",
      "investmentType": "CLN",
      "investmentDate": "2024-02-01T00:00:00.000Z",
      "status": "ACTIVE"
    },
    "founders": [
      {
        "name": "Founder 8",
        "email": "founder8@secureshield.com"
      }
    ],
    "forecast": {
      "version": 1,
      "startQuarter": "2024-02-01T00:00:00.000Z",
      "horizonQuarters": 8,
      "revenue": [
        {
          "quarter": 1,
          "value": 22159.61432478668
        },
        {
          "quarter": 2,
          "value": 26946.33228481066
        },
        {
          "quarter": 3,
          "value": 35346.14936210985
        },
        {
          "quarter": 4,
          "value": 67097.55930555725
        },
        {
          "quarter": 5,
          "value": 69000.64547252923
        },
        {
          "quarter": 6,
          "value": 88228.29521610534
        },
        {
          "quarter": 7,
          "value": 142692.9728511368
        },
        {
          "quarter": 8,
          "value": 269843.8104238997
        }
      ],
      "burn": [
        {
          "quarter": 1,
          "value": 99110.0953313662
        },
        {
          "quarter": 2,
          "value": 105119.2854786809
        },
        {
          "quarter": 3,
          "value": 131012.0846703638
        },
        {
          "quarter": 4,
          "value": 133775.4944637188
        },
        {
          "quarter": 5,
          "value": 140241.3798847862
        },
        {
          "quarter": 6,
          "value": 141073.5494716441
        },
        {
          "quarter": 7,
          "value": 189886.0354101397
        },
        {
          "quarter": 8,
          "value": 212943.6403520576
        }
      ],
      "traction": [
        {
          "quarter": 1,
          "value": 755.847417242849
        },
        {
          "quarter": 2,
          "value": 1062.084404841709
        },
        {
          "quarter": 3,
          "value": 1948.7285611326
        },
        {
          "quarter": 4,
          "value": 3680.323829346939
        },
        {
          "quarter": 5,
          "value": 4428.809992600287
        },
        {
          "quarter": 6,
          "value": 3856.804773039573
        },
        {
          "quarter": 7,
          "value": 18169.06601204931
        },
        {
          "quarter": 8,
          "value": 5295.237511131871
        }
      ]
    },
    "actuals": [
      {
        "quarter": 1,
        "submittedAt": "2024-05-01T00:00:00.000Z",
        "revenue": 13862.244898532,
        "burn": 127571.6171436449,
        "traction": 472.830521785001,
        "runwayMonths": 7.54304363761309,
        "narrativeGood": "Strong customer acquisition",
        "narrativeBad": "Higher than expected burn",
        "narrativeHelp": "Need help with hiring"
      },
      {
        "quarter": 2,
        "submittedAt": "2024-07-30T00:00:00.000Z",
        "revenue": 35263.24949552712,
        "burn": 142378.068134748,
        "traction": 1389.894066375527,
        "runwayMonths": 12.60453239764299,
        "narrativeGood": "Strong customer acquisition",
        "narrativeBad": "Higher than expected burn",
        "narrativeHelp": "Need help with hiring"
      }
    ]
  },
  {
    "company": {
      "id": "d6ea9aad-a9e3-484d-be20-1ddf742ba7cd",
      "name": "SecureShield",
      "sector": "Cybersecurity",
      "stage": "Series B",
      "investmentAmount": 1889112.203421492,
      "currency": "USD",
      "investmentType": "CLN",
      "investmentDate": "2024-08-31T23:00:00.000Z",
      "status": "ACTIVE"
    },
    "founders": [
      {
        "name": "Founder 8",
        "email": "founder8@secureshield.com"
      }
    ],
    "forecast": {
      "version": 1,
      "startQuarter": "2024-08-31T23:00:00.000Z",
      "horizonQuarters": 8,
      "revenue": [
        {
          "quarter": 1,
          "value": 28960.01335531205
        },
        {
          "quarter": 2,
          "value": 39582.00468463189
        },
        {
          "quarter": 3,
          "value": 54631.69966810945
        },
        {
          "quarter": 4,
          "value": 86993.46898039675
        },
        {
          "quarter": 5,
          "value": 108312.8176246493
        },
        {
          "quarter": 6,
          "value": 112884.176733796
        },
        {
          "quarter": 7,
          "value": 187517.1619315026
        },
        {
          "quarter": 8,
          "value": 104693.5939154696
        }
      ],
      "burn": [
        {
          "quarter": 1,
          "value": 68489.30094686945
        },
        {
          "quarter": 2,
          "value": 78075.09005644631
        },
        {
          "quarter": 3,
          "value": 85143.10009378684
        },
        {
          "quarter": 4,
          "value": 87633.2348458467
        },
        {
          "quarter": 5,
          "value": 95631.75101149656
        },
        {
          "quarter": 6,
          "value": 101755.8078309863
        },
        {
          "quarter": 7,
          "value": 127735.4489654306
        },
        {
          "quarter": 8,
          "value": 167743.4208073623
        }
      ],
      "traction": [
        {
          "quarter": 1,
          "value": 769.4416874793337
        },
        {
          "quarter": 2,
          "value": 1215.009137904407
        },
        {
          "quarter": 3,
          "value": 1776.945245106384
        },
        {
          "quarter": 4,
          "value": 3048.20299899609
        },
        {
          "quarter": 5,
          "value": 6130.199973035762
        },
        {
          "quarter": 6,
          "value": 3562.021726231967
        },
        {
          "quarter": 7,
          "value": 10586.53843658119
        },
        {
          "quarter": 8,
          "value": 10007.74786038577
        }
      ]
    },
    "actuals": [
      {
        "quarter": 1,
        "submittedAt": "2024-11-29T23:00:00.000Z",
        "revenue": 34151.35523392382,
        "burn": 81061.37368531054,
        "traction": 907.3710042359673,
        "runwayMonths": 11.54684202830231,
        "narrativeGood": "Strong customer acquisition",
        "narrativeBad": "Higher than expected burn",
        "narrativeHelp": "Need help with hiring"
      },
      {
        "quarter": 2,
        "submittedAt": "2025-02-27T23:00:00.000Z",
        "revenue": 54555.59719446558,
        "burn": 108686.0047087648,
        "traction": 1674.638504119114,
        "runwayMonths": 9.863913867111538,
        "narrativeGood": "Strong customer acquisition",
        "narrativeBad": "Higher than expected burn",
        "narrativeHelp": "Need help with hiring"
      },
      {
        "quarter": 3,
        "submittedAt": "2025-05-28T23:00:00.000Z",
        "revenue": 70194.10181049653,
        "burn": 87473.70542347275,
        "traction": 2283.126393731538,
        "runwayMonths": 11.87333128989946,
        "narrativeGood": "Strong customer acquisition",
        "narrativeBad": "Higher than expected burn",
        "narrativeHelp": "Need help with hiring"
      }
    ]
  },
  {
    "company": {
      "id": "6bd93840-d716-4b6a-ba19-e734ab3ea965",
      "name": "ShopGenius",
      "sector": "E-commerce",
      "stage": "Series B",
      "investmentAmount": 2127126.228434177,
      "currency": "USD",
      "investmentType": "SAFE",
      "investmentDate": "2024-12-01T00:00:00.000Z",
      "status": "ACTIVE"
    },
    "founders": [
      {
        "name": "Founder 4",
        "email": "founder4@shopgenius.com"
      }
    ],
    "forecast": {
      "version": 1,
      "startQuarter": "2024-12-01T00:00:00.000Z",
      "horizonQuarters": 8,
      "revenue": [
        {
          "quarter": 1,
          "value": 38185.95019298648
        },
        {
          "quarter": 2,
          "value": 49626.05406880471
        },
        {
          "quarter": 3,
          "value": 70465.55726808123
        },
        {
          "quarter": 4,
          "value": 113272.5169770717
        },
        {
          "quarter": 5,
          "value": 191992.1567743925
        },
        {
          "quarter": 6,
          "value": 192875.8452954319
        },
        {
          "quarter": 7,
          "value": 134597.4577875861
        },
        {
          "quarter": 8,
          "value": 163159.3218359766
        }
      ],
      "burn": [
        {
          "quarter": 1,
          "value": 69241.18250015243
        },
        {
          "quarter": 2,
          "value": 77706.02424632863
        },
        {
          "quarter": 3,
          "value": 81364.40478744067
        },
        {
          "quarter": 4,
          "value": 93285.7527383194
        },
        {
          "quarter": 5,
          "value": 94685.6516522492
        },
        {
          "quarter": 6,
          "value": 91612.63249639867
        },
        {
          "quarter": 7,
          "value": 137676.2648714769
        },
        {
          "quarter": 8,
          "value": 116369.2645454068
        }
      ],
      "traction": [
        {
          "quarter": 1,
          "value": 213.270848030909
        },
        {
          "quarter": 2,
          "value": 324.4218291481301
        },
        {
          "quarter": 3,
          "value": 604.7693642037816
        },
        {
          "quarter": 4,
          "value": 547.4634022157848
        },
        {
          "quarter": 5,
          "value": 1479.362923283347
        },
        {
          "quarter": 6,
          "value": 1029.242347816487
        },
        {
          "quarter": 7,
          "value": 1809.434352513828
        },
        {
          "quarter": 8,
          "value": 2203.393101587059
        }
      ]
    },
    "actuals": [
      {
        "quarter": 1,
        "submittedAt": "2025-03-01T00:00:00.000Z",
        "revenue": 35986.65961489247,
        "burn": 76511.79429042344,
        "traction": 200.9876767523102,
        "runwayMonths": 5.586925787903828,
        "narrativeGood": "Strong customer acquisition",
        "narrativeBad": "Higher than expected burn",
        "narrativeHelp": "Need help with hiring"
      },
      {
        "quarter": 2,
        "submittedAt": "2025-05-30T00:00:00.000Z",
        "revenue": 68928.13755537038,
        "burn": 93891.92345178641,
        "traction": 450.6058941233444,
        "runwayMonths": 14.00336057175275,
        "narrativeGood": "Strong customer acquisition",
        "narrativeBad": "Higher than expected burn",
        "narrativeHelp": "Need help with hiring"
      },
      {
        "quarter": 3,
        "submittedAt": "2025-08-28T00:00:00.000Z",
        "revenue": 57564.53579622279,
        "burn": 74005.98495367136,
        "traction": 494.0465819595078,
        "runwayMonths": 9.398993661968438,
        "narrativeGood": "Strong customer acquisition",
        "narrativeBad": "Higher than expected burn",
        "narrativeHelp": "Need help with hiring"
      },
      {
        "quarter": 4,
        "submittedAt": "2025-11-26T00:00:00.000Z",
        "revenue": 71461.38984640533,
        "burn": 100491.3950199821,
        "traction": 345.3838288090717,
        "runwayMonths": 9.424484042338351,
        "narrativeGood": "Strong customer acquisition",
        "narrativeBad": "Higher than expected burn",
        "narrativeHelp": "Need help with hiring"
      }
    ]
  },
  {
    "company": {
      "id": "e07163dc-aa2a-49ab-a573-5329197460f3",
      "name": "ShopGenius",
      "sector": "E-commerce",
      "stage": "Series B",
      "investmentAmount": 567161.8743879449,
      "currency": "USD",
      "investmentType": "SAFE",
      "investmentDate": "2024-12-01T00:00:00.000Z",
      "status": "ACTIVE"
    },
    "founders": [
      {
        "name": "Founder 4",
        "email": "founder4@shopgenius.com"
      }
    ],
    "forecast": {
      "version": 1,
      "startQuarter": "2024-12-01T00:00:00.000Z",
      "horizonQuarters": 8,
      "revenue": [
        {
          "quarter": 1,
          "value": 50841.03237158314
        },
        {
          "quarter": 2,
          "value": 62177.29582002773
        },
        {
          "quarter": 3,
          "value": 102771.5706729671
        },
        {
          "quarter": 4,
          "value": 145090.6246568235
        },
        {
          "quarter": 5,
          "value": 112099.6730295804
        },
        {
          "quarter": 6,
          "value": 190969.1779816962
        },
        {
          "quarter": 7,
          "value": 334139.0981934692
        },
        {
          "quarter": 8,
          "value": 651815.583513417
        }
      ],
      "burn": [
        {
          "quarter": 1,
          "value": 50104.44221144126
        },
        {
          "quarter": 2,
          "value": 55175.52396890915
        },
        {
          "quarter": 3,
          "value": 61872.02548774282
        },
        {
          "quarter": 4,
          "value": 59748.24175106231
        },
        {
          "quarter": 5,
          "value": 73793.33184759085
        },
        {
          "quarter": 6,
          "value": 95850.7778502269
        },
        {
          "quarter": 7,
          "value": 101249.8635424758
        },
        {
          "quarter": 8,
          "value": 113241.3446839812
        }
      ],
      "traction": [
        {
          "quarter": 1,
          "value": 500.2999920144093
        },
        {
          "quarter": 2,
          "value": 810.7755046384021
        },
        {
          "quarter": 3,
          "value": 920.6507020529518
        },
        {
          "quarter": 4,
          "value": 1689.418122279198
        },
        {
          "quarter": 5,
          "value": 3375.025362341909
        },
        {
          "quarter": 6,
          "value": 5403.13842381074
        },
        {
          "quarter": 7,
          "value": 6989.283308274171
        },
        {
          "quarter": 8,
          "value": 20294.377510028
        }
      ]
    },
    "actuals": [
      {
        "quarter": 1,
        "submittedAt": "2025-03-01T00:00:00.000Z",
        "revenue": 49850.36006289902,
        "burn": 46013.95303752094,
        "traction": 490.551304291054,
        "runwayMonths": 8.168418103291813,
        "narrativeGood": "Strong customer acquisition",
        "narrativeBad": "Higher than expected burn",
        "narrativeHelp": "Need help with hiring"
      },
      {
        "quarter": 2,
        "submittedAt": "2025-05-30T00:00:00.000Z",
        "revenue": 45626.18956303645,
        "burn": 59505.04665163681,
        "traction": 594.9534533436996,
        "runwayMonths": 4.664686662325902,
        "narrativeGood": "Strong customer acquisition",
        "narrativeBad": "Higher than expected burn",
        "narrativeHelp": "Need help with hiring"
      }
    ]
  },
  {
    "company": {
      "id": "c1f105d8-2a22-4016-8389-b1bb1239896c",
      "name": "ShopGenius",
      "sector": "E-commerce",
      "stage": "Series B",
      "investmentAmount": 1387192.492219636,
      "currency": "USD",
      "investmentType": "SAFE",
      "investmentDate": "2024-11-01T00:00:00.000Z",
      "status": "ACTIVE"
    },
    "founders": [
      {
        "name": "Founder 4",
        "email": "founder4@shopgenius.com"
      }
    ],
    "forecast": {
      "version": 1,
      "startQuarter": "2024-11-01T00:00:00.000Z",
      "horizonQuarters": 8,
      "revenue": [
        {
          "quarter": 1,
          "value": 36406.66465240209
        },
        {
          "quarter": 2,
          "value": 45479.46564247371
        },
        {
          "quarter": 3,
          "value": 80693.33166574151
        },
        {
          "quarter": 4,
          "value": 66477.73472981557
        },
        {
          "quarter": 5,
          "value": 180415.6769257844
        },
        {
          "quarter": 6,
          "value": 232087.834410785
        },
        {
          "quarter": 7,
          "value": 281239.0134310841
        },
        {
          "quarter": 8,
          "value": 155525.9411066608
        }
      ],
      "burn": [
        {
          "quarter": 1,
          "value": 125793.6906679132
        },
        {
          "quarter": 2,
          "value": 136160.4395475564
        },
        {
          "quarter": 3,
          "value": 162772.2422572003
        },
        {
          "quarter": 4,
          "value": 187242.9547771884
        },
        {
          "quarter": 5,
          "value": 206419.6119418366
        },
        {
          "quarter": 6,
          "value": 200502.7919554838
        },
        {
          "quarter": 7,
          "value": 279916.3363002291
        },
        {
          "quarter": 8,
          "value": 212793.1308976641
        }
      ],
      "traction": [
        {
          "quarter": 1,
          "value": 728.2286522476568
        },
        {
          "quarter": 2,
          "value": 1139.239581716216
        },
        {
          "quarter": 3,
          "value": 1759.209258359771
        },
        {
          "quarter": 4,
          "value": 1722.117340440739
        },
        {
          "quarter": 5,
          "value": 3569.716754355507
        },
        {
          "quarter": 6,
          "value": 8946.282254894939
        },
        {
          "quarter": 7,
          "value": 5542.11371579297
        },
        {
          "quarter": 8,
          "value": 13395.34648632455
        }
      ]
    },
    "actuals": [
      {
        "quarter": 1,
        "submittedAt": "2025-01-30T00:00:00.000Z",
        "revenue": 50368.70959590737,
        "burn": 117476.1138088711,
        "traction": 1007.50612160406,
        "runwayMonths": 12.55128926114394,
        "narrativeGood": "Strong customer acquisition",
        "narrativeBad": "Higher than expected burn",
        "narrativeHelp": "Need help with hiring"
      },
      {
        "quarter": 2,
        "submittedAt": "2025-04-30T00:00:00.000Z",
        "revenue": 41170.34045070541,
        "burn": 128757.6429500584,
        "traction": 1031.297988478844,
        "runwayMonths": 9.302637490614975,
        "narrativeGood": "Strong customer acquisition",
        "narrativeBad": "Higher than expected burn",
        "narrativeHelp": "Need help with hiring"
      },
      {
        "quarter": 3,
        "submittedAt": "2025-07-29T00:00:00.000Z",
        "revenue": 74401.23140193941,
        "burn": 226167.450087258,
        "traction": 1622.034093942709,
        "runwayMonths": 13.75878448830615,
        "narrativeGood": "Strong customer acquisition",
        "narrativeBad": "Higher than expected burn",
        "narrativeHelp": "Need help with hiring"
      },
      {
        "quarter": 4,
        "submittedAt": "2025-10-27T00:00:00.000Z",
        "revenue": 75751.93778254924,
        "burn": 249315.41034973,
        "traction": 1962.367191925493,
        "runwayMonths": 8.832432814792037,
        "narrativeGood": "Strong customer acquisition",
        "narrativeBad": "Higher than expected burn",
        "narrativeHelp": "Need help with hiring"
      }
    ]
  },
  {
    "company": {
      "id": "707c0aef-6d24-4059-9623-a03299bfe373",
      "name": "SmartRetail",
      "sector": "E-commerce",
      "stage": "Series B",
      "investmentAmount": 517641.0321339873,
      "currency": "USD",
      "investmentType": "CLN",
      "investmentDate": "2024-03-01T00:00:00.000Z",
      "status": "ACTIVE"
    },
    "founders": [
      {
        "name": "Founder 20",
        "email": "founder20@smartretail.com"
      }
    ],
    "forecast": {
      "version": 1,
      "startQuarter": "2024-03-01T00:00:00.000Z",
      "horizonQuarters": 8,
      "revenue": [
        {
          "quarter": 1,
          "value": 30106.94343794392
        },
        {
          "quarter": 2,
          "value": 37944.32431108257
        },
        {
          "quarter": 3,
          "value": 46471.34249764912
        },
        {
          "quarter": 4,
          "value": 58815.00918507817
        },
        {
          "quarter": 5,
          "value": 83717.14281499824
        },
        {
          "quarter": 6,
          "value": 76016.33443281152
        },
        {
          "quarter": 7,
          "value": 164230.0114636637
        },
        {
          "quarter": 8,
          "value": 486448.9500096214
        }
      ],
      "burn": [
        {
          "quarter": 1,
          "value": 114470.4932193843
        },
        {
          "quarter": 2,
          "value": 129479.8917182724
        },
        {
          "quarter": 3,
          "value": 138649.8425423818
        },
        {
          "quarter": 4,
          "value": 166087.496162922
        },
        {
          "quarter": 5,
          "value": 199680.1106014855
        },
        {
          "quarter": 6,
          "value": 201650.2622168045
        },
        {
          "quarter": 7,
          "value": 160327.2987930235
        },
        {
          "quarter": 8,
          "value": 200677.8811520011
        }
      ],
      "traction": [
        {
          "quarter": 1,
          "value": 1086.152916937662
        },
        {
          "quarter": 2,
          "value": 1610.806695015798
        },
        {
          "quarter": 3,
          "value": 2726.906837922741
        },
        {
          "quarter": 4,
          "value": 4694.01943854707
        },
        {
          "quarter": 5,
          "value": 4254.400280852647
        },
        {
          "quarter": 6,
          "value": 5219.012180815062
        },
        {
          "quarter": 7,
          "value": 8028.936550179439
        },
        {
          "quarter": 8,
          "value": 28402.12100723578
        }
      ]
    },
    "actuals": [
      {
        "quarter": 1,
        "submittedAt": "2024-05-30T00:00:00.000Z",
        "revenue": 32901.2239090786,
        "burn": 132381.8011544302,
        "traction": 1186.960755193333,
        "runwayMonths": 4.851331079096726,
        "narrativeGood": "Strong customer acquisition",
        "narrativeBad": "Higher than expected burn",
        "narrativeHelp": "Need help with hiring"
      },
      {
        "quarter": 2,
        "submittedAt": "2024-08-28T00:00:00.000Z",
        "revenue": 30913.12596261982,
        "burn": 158914.614571027,
        "traction": 1312.319330190598,
        "runwayMonths": 7.982028775430212,
        "narrativeGood": "Strong customer acquisition",
        "narrativeBad": "Higher than expected burn",
        "narrativeHelp": "Need help with hiring"
      },
      {
        "quarter": 3,
        "submittedAt": "2024-11-26T00:00:00.000Z",
        "revenue": 58345.1845729387,
        "burn": 143566.2611363416,
        "traction": 3423.655832190765,
        "runwayMonths": 8.649052508758096,
        "narrativeGood": "Strong customer acquisition",
        "narrativeBad": "Higher than expected burn",
        "narrativeHelp": "Need help with hiring"
      }
    ]
  },
  {
    "company": {
      "id": "b2f6794b-9c14-4065-b3ef-185da3e56c7e",
      "name": "SmartRetail",
      "sector": "E-commerce",
      "stage": "Series B",
      "investmentAmount": 1186352.658983833,
      "currency": "USD",
      "investmentType": "CLN",
      "investmentDate": "2024-03-31T23:00:00.000Z",
      "status": "ACTIVE"
    },
    "founders": [
      {
        "name": "Founder 20",
        "email": "founder20@smartretail.com"
      }
    ],
    "forecast": {
      "version": 1,
      "startQuarter": "2024-03-31T23:00:00.000Z",
      "horizonQuarters": 8,
      "revenue": [
        {
          "quarter": 1,
          "value": 54875.52017220809
        },
        {
          "quarter": 2,
          "value": 75378.16327935312
        },
        {
          "quarter": 3,
          "value": 81034.09873196537
        },
        {
          "quarter": 4,
          "value": 109583.0938757883
        },
        {
          "quarter": 5,
          "value": 214744.1620642068
        },
        {
          "quarter": 6,
          "value": 171886.1005217563
        },
        {
          "quarter": 7,
          "value": 436390.061068954
        },
        {
          "quarter": 8,
          "value": 910038.0092611997
        }
      ],
      "burn": [
        {
          "quarter": 1,
          "value": 127860.0620000396
        },
        {
          "quarter": 2,
          "value": 135677.0592529936
        },
        {
          "quarter": 3,
          "value": 152204.7231271125
        },
        {
          "quarter": 4,
          "value": 170141.7513772437
        },
        {
          "quarter": 5,
          "value": 185881.9329665693
        },
        {
          "quarter": 6,
          "value": 250294.3980381837
        },
        {
          "quarter": 7,
          "value": 272562.253960966
        },
        {
          "quarter": 8,
          "value": 267438.0642928935
        }
      ],
      "traction": [
        {
          "quarter": 1,
          "value": 785.9559477520438
        },
        {
          "quarter": 2,
          "value": 1288.419330938859
        },
        {
          "quarter": 3,
          "value": 2031.965077851019
        },
        {
          "quarter": 4,
          "value": 3499.521346596488
        },
        {
          "quarter": 5,
          "value": 4141.364000649992
        },
        {
          "quarter": 6,
          "value": 3924.332385080675
        },
        {
          "quarter": 7,
          "value": 17645.13915972484
        },
        {
          "quarter": 8,
          "value": 23276.67642406058
        }
      ]
    },
    "actuals": [
      {
        "quarter": 1,
        "submittedAt": "2024-06-29T23:00:00.000Z",
        "revenue": 49478.29633155563,
        "burn": 133501.6310061901,
        "traction": 708.6540804422137,
        "runwayMonths": 13.5774575970362,
        "narrativeGood": "Strong customer acquisition",
        "narrativeBad": "Higher than expected burn",
        "narrativeHelp": "Need help with hiring"
      },
      {
        "quarter": 2,
        "submittedAt": "2024-09-27T23:00:00.000Z",
        "revenue": 63163.50788291416,
        "burn": 139319.4956178866,
        "traction": 1079.637404597609,
        "runwayMonths": 5.687420667228594,
        "narrativeGood": "Strong customer acquisition",
        "narrativeBad": "Higher than expected burn",
        "narrativeHelp": "Need help with hiring"
      },
      {
        "quarter": 3,
        "submittedAt": "2024-12-26T23:00:00.000Z",
        "revenue": 87906.6514899499,
        "burn": 154596.4121401979,
        "traction": 2204.297311052061,
        "runwayMonths": 10.72955992615473,
        "narrativeGood": "Strong customer acquisition",
        "narrativeBad": "Higher than expected burn",
        "narrativeHelp": "Need help with hiring"
      }
    ]
  },
  {
    "company": {
      "id": "2b1a74cd-6656-4076-8506-d9c7904c1714",
      "name": "SmartRetail",
      "sector": "E-commerce",
      "stage": "Series B",
      "investmentAmount": 964143.5780274203,
      "currency": "USD",
      "investmentType": "CLN",
      "investmentDate": "2024-02-01T00:00:00.000Z",
      "status": "ACTIVE"
    },
    "founders": [
      {
        "name": "Founder 20",
        "email": "founder20@smartretail.com"
      }
    ],
    "forecast": {
      "version": 1,
      "startQuarter": "2024-02-01T00:00:00.000Z",
      "horizonQuarters": 8,
      "revenue": [
        {
          "quarter": 1,
          "value": 22061.25078652011
        },
        {
          "quarter": 2,
          "value": 26731.66857376955
        },
        {
          "quarter": 3,
          "value": 31918.38842531633
        },
        {
          "quarter": 4,
          "value": 46703.1753028381
        },
        {
          "quarter": 5,
          "value": 50278.16654352749
        },
        {
          "quarter": 6,
          "value": 158330.2028650509
        },
        {
          "quarter": 7,
          "value": 87295.11054036152
        },
        {
          "quarter": 8,
          "value": 96038.46979363677
        }
      ],
      "burn": [
        {
          "quarter": 1,
          "value": 122871.1676377938
        },
        {
          "quarter": 2,
          "value": 134165.3334102065
        },
        {
          "quarter": 3,
          "value": 137986.6924631306
        },
        {
          "quarter": 4,
          "value": 145606.3458084986
        },
        {
          "quarter": 5,
          "value": 178756.1533828697
        },
        {
          "quarter": 6,
          "value": 167108.2922631714
        },
        {
          "quarter": 7,
          "value": 269555.2033479675
        },
        {
          "quarter": 8,
          "value": 174620.4767470619
        }
      ],
      "traction": [
        {
          "quarter": 1,
          "value": 383.3001389120474
        },
        {
          "quarter": 2,
          "value": 500.1378819993574
        },
        {
          "quarter": 3,
          "value": 985.8587788092825
        },
        {
          "quarter": 4,
          "value": 901.6352203835044
        },
        {
          "quarter": 5,
          "value": 1170.136300613106
        },
        {
          "quarter": 6,
          "value": 3368.17188526776
        },
        {
          "quarter": 7,
          "value": 8445.192092817439
        },
        {
          "quarter": 8,
          "value": 8034.815118785828
        }
      ]
    },
    "actuals": [
      {
        "quarter": 1,
        "submittedAt": "2024-05-01T00:00:00.000Z",
        "revenue": 14251.33836489094,
        "burn": 115893.4221716125,
        "traction": 247.6078998332685,
        "runwayMonths": 10.87610820317327,
        "narrativeGood": "Strong customer acquisition",
        "narrativeBad": "Higher than expected burn",
        "narrativeHelp": "Need help with hiring"
      },
      {
        "quarter": 2,
        "submittedAt": "2024-07-30T00:00:00.000Z",
        "revenue": 19368.97141437219,
        "burn": 172889.5682079741,
        "traction": 362.3850233275647,
        "runwayMonths": 12.38420986242477,
        "narrativeGood": "Strong customer acquisition",
        "narrativeBad": "Higher than expected burn",
        "narrativeHelp": "Need help with hiring"
      }
    ]
  }
]
